=LDR  01863nam a2200409 i 4500
=001  134285
=003  AE-DuAMF
=005  20210215121917.7
=006  m    go  u        
=007  cr cn|||||||||
=008  210215s2021\\\\jo\a\\\go\\\\\000\0\tur\d
=020  \\$z97587161007
=020  \\$z9789758716104
=040  \\$aAE-DuAMF$beng$erda$cAE-DuAMF
=041  1\$atur$heng
=050  14$aPN1993.45$b.S56 2021
=082  04$a791.43$222 Arabic
=084  \\$aPER004040$2bisacsh
=100  1\$aSingleton, Ralph S.$q (Ralph Stuart),$d1940-$eauthor.
=240  10$aFilmmaker's dictionary.$lTurkish
=245  10$aAmerikan film terimleri /$cRalph S Sıngleton ; çeviren Selçuk Taylaner.
=250  \\$aFirst electronic edition.
=264  \1$aAmman :$bAl Manhal ePublishing,$c2021.
=300  \\$a1 online resource (205 pages).
=336  \\$atext$2rdacontent
=337  \\$acomputer$2rdamedia
=338  \\$aonline resource$2rdacarrier
=490  0\$aTeknik Sinema Kitaplığı ;$v1
=546  \\$aText in Turkish ; translated from the original English.
=500  \\$aElectronic reproduction from the print version by Al Manhal.
=650  \0$aMotion pictures$vDictionaries.
=650  \0$aCinematography$vDictionaries.
=650  \0$aTelevision$vDictionaries.
=650  \7$aPERFORMING ARTS / Film & Video / Reference.$2bisacsh
=653  \\$aRecreation$aMotion picture films$aCinematography$aFilm industry$aUSA$aDictionaries
=655  \0$aElectronic books.
=700  1\$aTaylaner, Selçuk,$etranslator.
=776  0\$iPrint version :$aSingleton, Ralph S..$sFilmmaker's dictionary.$tAmerikan film terimleri.$dIstanbul, Turkey : Es Yayınevi, 2004$h204 pages ; cm.$kTeknik Sinema Kitaplığı ; 1$z97587161007$z9789758716104
=852  \\$aAl Manhal FZLLC$j134285
=856  40$uhttp://platform.almanhal.com/MNHL/Preview/?ID=1-134285
=916  \\$a700=NEW

