=LDR  01863nam a2200409 i 4500
=001  134288
=003  AE-DuAMF
=005  20210215121917.7
=006  m    go  u        
=007  cr cn|||||||||
=008  210215s2021\\\\jo\a\\\go\\\\\000\0\tur\d
=020  \\$z9786055664473
=040  \\$aAE-DuAMF$beng$erda$cAE-DuAMF
=050  14$aPN1995.9.P7$bY55 2021
=082  04$a791.43$222 Arabic
=084  \\$aPER004010$2bisacsh
=100  1\$aYılmazok, Levent,$eauthor.
=245  10$aBir film nasıl tasarlanır ? /$cLevent Yılmazok..
=250  \\$aFirst electronic edition.
=264  \1$aAmman :$bAl Manhal ePublishing,$c2021.
=300  \\$a1 online resource (180 pages) :$billustrations.
=336  \\$atext$2rdacontent
=337  \\$acomputer$2rdamedia
=338  \\$aonline resource$2rdacarrier
=490  1\$aSinema teknigi ;$v26
=500  \\$aElectronic reproduction from the print version by Al Manhal.
=650  \0$aMotion pictures$xProduction and direction.
=650  \7$aPERFORMING ARTS / Film & Video / Direction & Production.$2bisacsh
=653  \\$aRecreation$aMotion picture films$aCinema production$aCinematography$aPhotographic equipment$aFilm industry
=655  \0$aElectronic books.
=776  0\$iPrint version :$aYılmazok, Levent.$tBir film nasıl tasarlanır ?.$dIstanbul, Turkey : Es Yayınevi, 2018$h177 pages : illustrations ; cm.$kSinema teknigi ; 26$z9786055664473
=852  \\$aAl Manhal FZLLC$j134288
=856  40$uhttp://platform.almanhal.com/MNHL/Preview/?ID=1-134288
=916  \\$a100=NEW

