=LDR  01863nam a2200409 i 4500
=001  134287
=003  AE-DuAMF
=005  20210215121917.7
=006  m    go  u        
=007  cr cn|||||||||
=008  210215s2021\\\\jo\a\\\go\\\\\000\0\tur\d
=020  \\$z6055664445
=020  \\$z9786055664442
=040  \\$aAE-DuAMF$beng$erda$cAE-DuAMF
=041  1\$atur$heng
=050  14$aNC1765$b.B53 2021
=082  04$a791.433$222 Arabic
=084  \\$aPER017000$aPER004010$2bisacsh
=100  1\$aBlair, Preston,$eauthor.
=245  10$aAnimasyon yapım teknikleri /$cPreston Blair ; çeviren : Muzaffer Kılıç.
=250  \\$aFirst electronic edition.
=264  \1$aAmman :$bAl Manhal ePublishing,$c2021.
=300  \\$a1 online resource (242 pages).
=336  \\$atext$2rdacontent
=337  \\$acomputer$2rdamedia
=338  \\$aonline resource$2rdacarrier
=490  1\$aSinema teknigi ;$v25
=546  \\$aText in Turkish ; translated from the original English.
=500  \\$aElectronic reproduction from the print version by Al Manhal.
=650  \0$aAnimated films.
=650  \7$aPERFORMING ARTS / Animation.$2bisacsh
=650  \7$aPERFORMING ARTS / Film & Video / Direction & Production.$2bisacsh
=653  \\$aRecreation$aCartoon films$aComputer animation$aCinematography$aFilm industry
=655  \0$aElectronic books.
=700  1\$aKılıç, Muzaffer,$d1988-$etranslator.
=776  0\$iPrint version :$aBlair, Preston.$tAnimasyon yapım teknikleri.$dIstanbul, Turkey : Es Yayınevi, 2018$h239 pages ; cm.$kSinema teknigi ; 25$z6055664445$z9786055664442
=852  \\$aAl Manhal FZLLC$j134287
=856  40$uhttp://platform.almanhal.com/MNHL/Preview/?ID=1-134287

