=LDR  01863nam a2200409 i 4500
=003  AE-DuAMF
=005  20210215121917.7
=006  m    go  u        
=007  cr cn|||||||||
=008  210215s2021\\\\jo\a\\\go\\\\\000\0\tur\d
=020  \\$a9758716093$c₺8,165
=040  \\$aAE-DuAMF$beng$erda$cAE-DuAMF
=041  0\$atur
=044  \\$ctu
=050  00$aPN1994.8
=084  \\$aPER004010$2bisacsh
=090  00$aPN1994.8$b.K36 2004
=100  1\$aKaplan, Neşe .
=245  1\$aAile sineması yılları 1960'lar/$cNeşe  Kaplan.
=264  \1$aİstanbul :$bES Yayınları,$c2004.
=300  \\$a189 s.
=336  \\$atext$2rdacontent
=337  \\$acomputer$2rdamedia
=338  \\$aonline resource$2rdacarrier
=490  1\$aES Yayınları  ;$v3.$aTürk Sineması  ;$v2
=650  \0$aMotion picture$xTurkey.
=650  \0$aMotion pictures$xTurkey$xPlots, themes, etc.
=650  \0$aMotion pictures$xSocial aspects.
=650  \7$aPERFORMING ARTS / Film & Video / Direction & Production.$2bisacsh
=700  1\$aKaplan, Neşe
=830  1\$aES Yayınları  ;$v3.$aTürk Sineması  ;$v2
=852  \\$aAl Manhal FZLLC$j
=856  40$u

