=LDR  01863nam a2200409 i 4500
=003  AE-DuAMF
=005  20210215121917.7
=006  m    go  u        
=007  cr cn|||||||||
=008  210215s2021\\\\jo\a\\\go\\\\\000\0\tur\d
=020  \\$a9789758716081$c₺9,78
=040  \\$aAE-DuAMF$beng$erda$cAE-DuAMF
=041  0\$atur
=044  \\$ctu
=050  00$aPN 1993.5.T9
=084  \\$aPER004010$2bisacsh
=090  00$aPN 1993.5.T9$bP67 2004 k.2
=100  1\$aPösteki, Nigar.
=245  1\$a1990 sonrası Türk sineması :$b(1990-2005)/$cNigar Pösteki.
=250  \\$agen. yen. bs.
=264  \1$aİstanbul:$bEs Yayınları,$c2004.
=300  \\$a198 s. :$bill.
=336  \\$atext$2rdacontent
=337  \\$acomputer$2rdamedia
=338  \\$aonline resource$2rdacarrier
=490  1\$aEs yayınları ;$v2.$pTürk sineması ;$v1
=500  \\$aKaynakça var.
=650  \7$aPERFORMING ARTS / Film & Video / Direction & Production.$2bisacsh
=650  \0$aSinema_Türkiye_Tarih
=650  \0$aSinema filmi
=650  \0$aMotion pictures_Turkey_History
=650  \0$aMotion picture film
=830  0\$aEs yayınları ;$v2.$pTürk sineması ;$v1
=852  \\$aAl Manhal FZLLC$j
=856  40$u
=902  \\$a68655

