=LDR  01863nam a2200409 i 4500
=003  AE-DuAMF
=005  20210215121917.7
=006  m    go  u        
=007  cr cn|||||||||
=008  210215s2021\\\\jo\a\\\go\\\\\000\0\tur\d
=020  \\$a9786055664480$c  ₺28,00 
=040  \\$aAE-DuAMF$beng$erda$cAE-DuAMF
=041  0\$atur
=044  \\$ctu
=082  04$a791.43
=084  \\$aPER004010$2bisacsh
=090  00$aPN 1997
=100  1\$aYavuz, Turan.
=245  1\$a400 darbe: Çekim senaryosu$c Turan Yavuz
=264  \1$aİstanbul :$bEs Yayınevi,$c2018.
=300  \\$a134 s.$c24 cm.
=336  \\$atext$2rdacontent
=337  \\$acomputer$2rdamedia
=338  \\$aonline resource$2rdacarrier
=490  1\$aTürk Sineması  ;$v5
=650  \0$aMotion picture.$zTurkey.
=650  \7$aPERFORMING ARTS / Film & Video / Direction & Production.$2bisacsh
=852  \\$aAl Manhal FZLLC$j
=856  40$u

