=LDR  01863nam a2200409 i 4500
=003  AE-DuAMF
=005  20210215121917.7
=006  m    go  u        
=007  cr cn|||||||||
=008  210215s2021\\\\jo\a\\\go\\\\\000\0\tur\d
=020  \\$a9789758716500$c₺28,00 
=040  \\$aAE-DuAMF$beng$erda$cAE-DuAMF
=041  0\$atur
=044  \\$ctu
=050  00$aPN1997.85.Ç4856
=082  04$a791.43$222 Arabic
=084  \\$aPER004010$2bisacsh
=090  00$aPN1997.85.Ç4856$bA6475 2005
=100  1\$aÇetin Erus, Zeynep.
=245  1\$aAmerikan ve Türk sinemasında uyarlamalar :$bkarşılaştırmalı bir bakış/$cZeynep Çetin Erus.
=264  \1$aİstanbul :$bEs Yayınları,$c2005.
=300  \\$a216 s. :$bill.. ;$c20 sm.
=336  \\$atext$2rdacontent
=337  \\$acomputer$2rdamedia
=338  \\$aonline resource$2rdacarrier
=490  1\$aEs Yayınları  ;$v33.$aTürk Sineması  ;$v5.$a  
=500  \\$aBibliyografya
=650  \0$aFilm Uyarlamaları$xAmerika Birleşik Devletleri
=650  \0$aFilm Adaptations$xUnited States
=650  \0$aFilm Uyarlamaları$xTürkiye
=650  \0$aFilm Adaptations$xTurkey
=650  \7$aPERFORMING ARTS / Film & Video / Direction & Production.$2bisacsh
=830  1\$aEs Yayınları  ;$v33.$aTürk Sineması  ;$v5.$a  
=852  \\$aAl Manhal FZLLC$j
=856  40$u

