=LDR  01863nam a2200409 i 4500
=003  AE-DuAMF
=005  20210215121917.7
=006  m    go  u        
=007  cr cn|||||||||
=008  210215s2021\\\\jo\a\\\go\\\\\000\0\tur\d
=020  \\$a9758716344$c₺47,00 
=040  \\$aAE-DuAMF$beng$erda$cAE-DuAMF
=041  0\$atur
=044  \\$ctu
=050  00$aPN1998.3
=084  \\$aPER004010$2bisacsh
=090  00$aPN1998.3$b.K88 2004
=100  1\$aKutay, Uğur.
=245  1\$aAndrei'in bakışı :$bTarkovsky sineması'nda psikanalitik-semiyolojik açılımlar/$cUğur Kutay.
=264  \1$aİstanbul :$bEs Yayıncılık,$c2004.
=300  \\$a603 s. :$bill;$c 21 cm.
=336  \\$atext$2rdacontent
=337  \\$acomputer$2rdamedia
=338  \\$aonline resource$2rdacarrier
=490  1\$aEs yayınları  ;$v21.$aSinema tekniği kitaplığı  ;$v9.$aFilm çözümlemesi  ;$v2
=500  \\$aKaynakça var.
=650  \0$aTarkovski, Andrey Arsenyeviç, 1932-1986.
=650  \0$aMotion picture producers and directors$xSoviet Union.
=650  \7$aPERFORMING ARTS / Film & Video / Direction & Production.$2bisacsh
=830  1\$aEs yayınları  ;$v21.$aSinema tekniği kitaplığı  ;$v9.$aFilm çözümlemesi  ;$v2
=852  \\$aAl Manhal FZLLC$j
=856  40$u
=902  \\$a0025055

