=LDR  01863nam a2200409 i 4500
=003  AE-DuAMF
=005  20210215121917.7
=006  m    go  u        
=007  cr cn|||||||||
=008  210215s2021\\\\jo\a\\\go\\\\\000\0\tur\d
=020  \\$a9786055664381
=040  \\$aAE-DuAMF$beng$erda$cAE-DuAMF
=050  00$aNC1765$b.W4519 2017
=100  1\$aWhite, Tony,$d1947-$eauthor.
=245  10$aAnimatörün el kitabı :$badım adım animasyon çizim teknikleri /$cTony White ; çeviren Muzaffer Kılıç ; dizi editörü Selçuk Hünerli ; kapak tasarım Faruk Delice.
=246  30$aAdım adım animasyon çizim teknikleri.
=264  \1$aİstanbul :$bes Yayınları,$c2017.
=300  \\$a170 pages :$billustrations ;$c24 cm.
=336  \\$atext$2rdacontent
=337  \\$acomputer$2rdamedia
=338  \\$aonline resource$2rdacarrier
=490  1\$aes Yayınları ;$v83.$aSinema Tekniği ;$v23
=650  \0$aAnimation (Cinematography)
=650  \7$aPERFORMING ARTS / Animation.$2bisacsh 
=650  \0$aDrawing$xTechnique.
=650  \0$aAnimation (Cinematography)$xInstruments.
=700  1\$aKılıç, Muzaffer,$etranslator.
=700  1\$aHüneri, Selçuk,$eseries editor.
=700  1\$aDelice, Faruk,$ecover designer.
=830  \0$aes Yayınları ;$v83.
=830  \0$aes Yayınları.$pSinema Tekniği ;$v23.
=852  \\$aAl Manhal FZLLC$j
=856  40$u

