=LDR  01863nam a2200409 i 4500
=003  AE-DuAMF
=005  20210215121917.7
=006  m    go  u        
=007  cr cn|||||||||
=008  210215s2021\\\\jo\a\\\go\\\\\000\0\tur\d
=020  \\$a9789758716852
=040  \\$aAE-DuAMF$beng$erda$cAE-DuAMF
=041  1\$atur$heng
=050  00$aNC1766.J3$bN3719 2008
=100  1\$aNapier, Susan Jolliffe,$eauthor.
=245  10$aAnime :$b"Akira'dan Howl'ın hareketli şatosu'na" /$cSusan J. Napier ; çeviren: M. Murat Başekim ; editör Selçuk Hünerli.
=264  \1$aİstanbul :$bEs Yayınları,$c2008.
=300  \\$a362 pages ;$c19 cm.
=336  \\$atext$2rdacontent
=337  \\$acomputer$2rdamedia
=338  \\$aonline resource$2rdacarrier
=490  1\$aEs Yayınları ;$v58.$aSinema Tekniği /Film Kuramı ;$v7
=500  \\$aOriginal title: Anime from Akira to Howl's moving castle.
=504  \\$aIncludes bibliographical references.
=650  \0$aAnimated films$zJapan.
=650  \0$aAnimation (Cinematography)$zJapan.
=650  \7$aPERFORMING ARTS / Animation.$2bisacsh 
=700  1\$aBaşekim, M. Murat,$etranslator.
=700  1\$aHünerli, Selçuk,$eeditor.
=730  02$aAnime from Akira to Howl's moving castle.$lTurkish.
=830  \0$aEs Yayınları ;$v58.
=830  \0$aEs Yayınları.$pSinema Tekniği /Film Kuramı ;$v7.
=852  \\$aAl Manhal FZLLC$j
=856  40$u

