=LDR  01863nam a2200409 i 4500
=003  AE-DuAMF
=005  20210215121917.7
=006  m    go  u        
=007  cr cn|||||||||
=008  210215s2021\\\\jo\a\\\go\\\\\000\0\tur\d
=020  \\$a9756055664398$c ₺45,00 
=040  \\$aAE-DuAMF$beng$erda$cAE-DuAMF
=041  0\$atur
=050  00$aPN1993
=084  \\$aPER004040$2bisacsh
=090  00$aPN1993$b.S65A97 2018
=100  1\$aSolmuş, Tarık..
=245  1\$aAvrupa ve Amerikan sinemasında psikoloji ve anormal davranışlar/$cTarık. Solmuş.
=264  \1$aİstanbul :$bEs Yayınları,$c2018.
=300  \\$a449 s. :$bill. ;$c24 cm.
=336  \\$atext$2rdacontent
=337  \\$acomputer$2rdamedia
=338  \\$aonline resource$2rdacarrier
=490  1\$aEs yayınları  ;$v84.$a Sinema tekniği film kuramı  ;$v13.$a  
=500  \\$aKaynakça  var.
=650  \0$aMotion picture$xEurope
=650  \0$aMotion picture$xAmerica
=650  \7$aPERFORMING ARTS / Film & Video / Reference.$2bisacsh
=830  1\$aEs yayınları  ;$v84.$a Sinema tekniği film kuramı  ;$v13.$a  
=852  \\$aAl Manhal FZLLC$j
=856  40$u
=902  \\$a0050706

