=LDR  01863nam a2200409 i 4500
=003  AE-DuAMF
=005  20210215121917.7
=006  m    go  u        
=007  cr cn|||||||||
=008  210215s2021\\\\jo\a\\\go\\\\\000\0\tur\d
=020  \\$a9786055664176
=040  \\$aAE-DuAMF$beng$erda$cAE-DuAMF
=041  0\$atur
=044  \\$ctu
=050  00$aPN1998.3
=084  \\$aPER004010$2bisacsh
=090  00$aPN1998.3$b.F45A519 2011
=100  1\$aChandler, Charlotte.
=245  1\$aBen, Fellini kitabı/$cCharlotte Chandler ; çev. İlknur İgan.
=264  \1$aİstanbul :$bEs Yayınları,$c2011.
=300  \\$a456 s. ;$c21 cm.
=336  \\$atext$2rdacontent
=337  \\$acomputer$2rdamedia
=338  \\$aonline resource$2rdacarrier
=490  1\$aEs yayınları  ;$v72, Yönetmenler dizisi  ;$v13.$a
=500  \\$aözgün adı : Ich, Fellini
=650  \0$aFellini, Federico$xGörüşmeler
=650  \0$aFellini, Federico$xInterviews
=650  \0$aSinema yapımcıları ve yönetmenleri$xİtalya$xGörüşmeler
=650  \0$aMotion picture producers and directors$xItaly$xInterviews
=650  \7$aPERFORMING ARTS / Film & Video / Direction & Production.$2bisacsh
=830  1\$aEs yayınları  ;$v72, Yönetmenler dizisi  ;$v13.$a
=852  \\$aAl Manhal FZLLC$j
=856  40$u
=902  \\$a0044666

