=LDR  01863nam a2200409 i 4500
=003  AE-DuAMF
=005  20210215121917.7
=006  m    go  u        
=007  cr cn|||||||||
=008  210215s2021\\\\jo\a\\\go\\\\\000\0\tur\d
=020  \\$a9758716212$c ₺22,00 
=040  \\$aAE-DuAMF$beng$erda$cAE-DuAMF
=041  0\$atur
=044  \\$ctu
=050  00$aPN1998.3
=090  00$aPN1998.3$b.B481B57 2004
=100  1\$aSivas, Ala .
=245  1\$aBir Bernardo Bertolucci Kitabı/$cAla  Sivas.
=264  \1$aİstanbul :$bEs Yayınları,$c2004.
=300  \\$a110 s. ;$c20 cm.
=336  \\$atext$2rdacontent
=337  \\$acomputer$2rdamedia
=338  \\$aonline resource$2rdacarrier
=490  1\$aEs yayınları ;$v12.$aYönetmenler ;$v2.
=650  \0$aSinema yapımcıları ve yönetmenler
=650  \0$aMotion picture producers and directors
=650  \7$aPERFORMING ARTS / Film & Video / Direction & Production.$2bisacsh 
=830  1\$aEs yayınları ;$v12.$aYönetmenler ;$v2.
=852  \\$aAl Manhal FZLLC$j
=856  40$u

