=LDR  01863nam a2200409 i 4500
=003  AE-DuAMF
=005  20210215121917.7
=006  m    go  u        
=007  cr cn|||||||||
=008  210215s2021\\\\jo\a\\\go\\\\\000\0\tur\d
=020  \\$a9786055664169$c ₺24,00 
=040  \\$aAE-DuAMF$beng$erda$cAE-DuAMF
=041  0\$atur
=044  \\$ctu
=050  00$aPN2287
=084  \\$aPER001000$aPER004010$2bisacsh
=090  00$aPN2287$b.B39C43 2011
=100  1\$aBazin, Andre,$d 1919-1958.
=245  1\$aBir Charlie Chaplin kitabı/$cAndre- 1919-1958. Bazin ; Eric Rohmer ; Francois Truffaut'nun önsözüyle ; dizi editörü Batu Duru.
=264  \1$aİstanbul :$bEs Yayınları,$c2011.
=300  \\$a147 pages :$bill. ;$c20 cm.
=336  \\$atext$2rdacontent
=337  \\$acomputer$2rdamedia
=338  \\$aonline resource$2rdacarrier
=490  1\$aEs yayınları  ;$v71.$aYönetmenler dizisi  ;$v12.
=500  \\$aDış kapakta eser adı: Bir Charlie Chaplin kitabı.
=650  \0$aChaplin, Charlie, 1889-1977
=650  \0$aSinema oyuncuları -- Amerika Birleşik Devletleri -- Biyografi
=650  \0$aMotion picture actors -- United States --Biography
=650  \7$aPERFORMING ARTS / Film / Genres / Documentary.$2bisacsh
=830  1\$aEs yayınları  ;$v71.$aYönetmenler dizisi  ;$v12.
=852  \\$aAl Manhal FZLLC$j
=856  40$u

