=LDR  01863nam a2200409 i 4500
=003  AE-DuAMF
=005  20210215121917.7
=006  m    go  u        
=007  cr cn|||||||||
=008  210215s2021\\\\jo\a\\\go\\\\\000\0\tur\d
=020  \\$a9758716336$c₺22,00 
=040  \\$aAE-DuAMF$beng$erda$cAE-DuAMF
=041  0\$atur
=044  \\$ctu
=050  00$aPN1998.3.L96
=084  \\$aPER001000$aPER004010$2bisacsh
=090  00$aPN1998.3.L96$bY55 2004
=100  1\$aYılmaz, Tuna.
=245  1\$aBir David Lynch kitabı/$cTuna Yılmaz.
=264  \1$aİstanbul :$bEs Yayınları,$c2004.
=300  \\$a161 s. :$bill..
=336  \\$atext$2rdacontent
=337  \\$acomputer$2rdamedia
=338  \\$aonline resource$2rdacarrier
=490  1\$aES yayınları  ;$v20.$aYönetmenler  ;$v4
=500  \\$aFilmography: s. 157
=650  \0$aLynch, David, 1946-
=650  \0$aMotion picture producers and directors$xUnited States.
=650  \0$aTelevision producers and directors$xUnited States.
=650  \7$aPERFORMING ARTS / Film / Genres / Documentary.$2bisacsh
=700  1\$a Lynch, David,$d 1946-
=830  1\$aES yayınları  ;$v20.$aYönetmenler  ;$v4
=852  \\$aAl Manhal FZLLC$j
=856  40$u

