=LDR  01863nam a2200409 i 4500
=003  AE-DuAMF
=005  20210215121917.7
=006  m    go  u        
=007  cr cn|||||||||
=008  210215s2021\\\\jo\a\\\go\\\\\000\0\tur\d
=020  \\$a9758716573$c₺22,00 
=040  \\$aAE-DuAMF$beng$erda$cAE-DuAMF
=041  0\$atur
=044  \\$ctu
=050  00$aPN 1998.A3
=082  00$a791.430
=084  \\$aPER001000$aPER004010$2bisacsh
=090  00$aPN 1998.A3$bB57 2006
=245  0\$aBir Luis Bunuel kitabı/$chaz. Artun Yeres ; ed. Ala Sivas.
=264  \1$aİstanbul:$bEs Yayınları,$c2006.
=300  \\$a111 s. :$bill.
=336  \\$atext$2rdacontent
=337  \\$acomputer$2rdamedia
=338  \\$aonline resource$2rdacarrier
=490  1\$aEs yayınları ;$v42.$pYönetmenler dizisi ;$v5
=500  \\$aKaynakça var.
=650  \0$aSinema yapımcıları ve yönetmenleri
=650  \0$aMotion picture producers and directors
=650  \7$aPERFORMING ARTS / Film & Video / Reference.$2bisacsh
=830  0\$aEs yayınları ;$v42.$pYönetmenler dizisi ;$v5
=852  \\$aAl Manhal FZLLC$j
=856  40$u

