=LDR  01863nam a2200409 i 4500
=003  AE-DuAMF
=005  20210215121917.7
=006  m    go  u        
=007  cr cn|||||||||
=008  210215s2021\\\\jo\a\\\go\\\\\000\0\tur\d
=020  \\$a9758716638$c₺20,00 
=040  \\$aAE-DuAMF$beng$erda$cAE-DuAMF
=041  0\$atur
=044  \\$ctu
=050  00$aPN1998.3
=084  \\$aPER001000$aPER004010$2bisacsh
=090  00$aPN1998.3$b.A58B57 2006
=245  0\$aBir Michelangelo Antonioni kitabı/$chaz. Artun Yeres.
=264  \1$aİstanbul :$bEs Yayınları,$c2006.
=300  \\$a79 s. :$bill. ;$c19 cm.
=336  \\$atext$2rdacontent
=337  \\$acomputer$2rdamedia
=338  \\$aonline resource$2rdacarrier
=490  0\$aYönetmenler Dizisi :6
=650  \0$aSinema Yapımcıları ve Yönetmenler 
=650  \0$aMotion picture producers and directors
=650  \7$aPERFORMING ARTS / Film & Video / Reference.$2bisacsh
=700 1\$aSivas, Ala.
=700 1\$aYeres, Artun.
=830  0\$aYönetmenler Dizisi :6
=852  \\$aAl Manhal FZLLC$j
=856  40$u

