=LDR  01863nam a2200409 i 4500
=003  AE-DuAMF
=005  20210215121917.7
=006  m    go  u        
=007  cr cn|||||||||
=008  210215s2021\\\\jo\a\\\go\\\\\000\0\tur\d
=020  \\$a9786055664022$c₺28,00 
=040  \\$aAE-DuAMF$beng$erda$cAE-DuAMF
=041  0\$atur
=044  \\$ctu
=050  00$aPN 1998.3 .A36$bM87
=084  \\$aPER001000$aPER004010$2bisacsh
=090  00$aPN 1998.3 .A36$bM87  2010
=100  1\$aMursaloğlu, İhsan.
=245  1\$aBir Pedro Almadovar kitabı/$cİhsan Mursaloğlu.
=264  \1$aİstanbul:$bEs,$c2010.
=300  \\$a179 s. ;$bftğ. ;$c20 cm..
=336  \\$atext$2rdacontent
=337  \\$acomputer$2rdamedia
=338  \\$aonline resource$2rdacarrier
=490  1\$aES yayınları ;$v65.$p Yönetmenler ;$v10.$p
=650  \0$aPedro Almodovar.
=650  \0$aMotion Picture Producers and Directors.
=650  \0$aMotion Pictures--Criticism.
=650  \0$aSinema Yapımcı ve Yönetmenleri.
=650  \0$aSinema Filmleri--Eleştiri.
=650  \7$aPERFORMING ARTS / Film & Video / Reference.$2bisacsh
=830  0\$aES yayınları ;$v65.$p Yönetmenler ;$v10.$p.
=852  \\$aAl Manhal FZLLC$j
=856  40$u

