=LDR  01863nam a2200409 i 4500
=003  AE-DuAMF
=005  20210215121917.7
=006  m    go  u        
=007  cr cn|||||||||
=008  210215s2021\\\\jo\a\\\go\\\\\000\0\tur\d
=020  \\$a9789758716777
=040  \\$aAE-DuAMF$beng$erda$cAE-DuAMF
=050  00$aPN1998.3.P367$bB57 2007
=082  00$a791.43023309245
=084  \\$aPER001000$aPER004010$2bisacsh
=090  00$aPN1998.3$b.P 637
=245  00$aBir Pier Paolo Pasolini kitabı /$chaz. Artun Yeres.
=264  \1$aİstanbul :$bes yayınları,$c2007.
=300  \\$a92 p. :$bill. ;$c20 cm.
=336  \\$atext$2rdacontent
=337  \\$acomputer$2rdamedia
=338  \\$aonline resource$2rdacarrier
=504  \\$aKaynakçalar var.
=530  \\$aKarton kapak.
=600  10$aPasolini, Pier Paolo,$d1922-1975.
=650  \0$aMotion picture producers and directors$zItaly$vBiography.
=650  \0$aSinema yapımcıları ve yönetmenleri$zİtalya$vBiyografi.
=650  \7$aPERFORMING ARTS / Film & Video / Reference.$2bisacsh
=700  1\$aYeres, Artun.
=830  \0$aes yayınları ;$v53.$pYönetmenler dizisi ;9.
=852  \\$aAl Manhal FZLLC$j
=856  40$u

