=LDR  01863nam a2200409 i 4500
=003  AE-DuAMF
=005  20210215121917.7
=006  m    go  u        
=007  cr cn|||||||||
=008  210215s2021\\\\jo\a\\\go\\\\\000\0\tur\d
=020  \\$a9758716190$c₺17,50 
=040  \\$aAE-DuAMF$beng$erda$cAE-DuAMF
=041  0\$atur
=044  \\$ctu
=050  00$aPN1998.3
=082  00$a791.430233092
=084  \\$aPER001000$aPER004010$2bisacsh
=090  00$aPN1998.3$b.T37 2004
=245  0\$aBir Quentin Tarantino Kitabı/$cder. Şenol. Erdoğan.
=246  \\$aQuentin Tarantino
=264  \1$aİstanbul :$bEs Yayınları,$c2004.
=300  \\$a79 s. ;$billustrations.$c18,5 cm.
=336  \\$atext$2rdacontent
=337  \\$acomputer$2rdamedia
=338  \\$aonline resource$2rdacarrier
=490  0\$aEs Yayınları: 8.$aYönetmenler: 1.
=650  \0$aSinema -- Yapımcı ve yönetmenleri-ABD-Biyografi 
=650  \0$a Motion picture producers and directors$x United States$x Biography
=700 1\$aErdoğan, Şenol.
=830  0\$aEs Yayınları: 8.$aYönetmenler: 1.
=852  \\$aAl Manhal FZLLC$j
=856  40$u

