=LDR  01863nam a2200409 i 4500
=003  AE-DuAMF
=005  20210215121917.7
=006  m    go  u        
=007  cr cn|||||||||
=008  210215s2021\\\\jo\a\\\go\\\\\000\0\tur\d
=020  \\$a9756055664060$c₺42,00 
=040  \\$aAE-DuAMF$beng$erda$cAE-DuAMF
=050  \\$aPN 1998.3 .K83$bH39 2010
=082  00$a791.43023309273
=084  \\$aPER001000$aPER004010$2bisacsh
=100  \\$aHoward, James.
=245  1\$aBir Stanley Kubrick kitabı /$cJames. Howard ; James Howard ; çeviren Özge Kayakutlu, Pelin Atayman Erçelik, Oğuz Yarlıgaş.
=260  \\$aİstanbul:$bEs Yayınları,$c2010
=300  \\$a518 s. ;$billustrations. ;$c20 cm.
=336  \\$atext$2rdacontent
=337  \\$acomputer$2rdamedia
=338  \\$aonline resource$2rdacarrier
=440  \\$aES yayınları ;$v65.$p Yönetmenler ;$v11 
=500  \\$aKaynakça vardır.$x
=650  \0$aKubrick, Stanley,  1928-1999$xEleştiri ve yorum.
=650  \0$aSinema yapımcı ve yönetmenleri.
=650  \0$aSinema$xEleştiri.
=650  \0$aKubrick, Stanley,  1928-1999$xCriticism and interpretation.
=650  \0$aMotion picture producers and directors.
=650  \0$aMotion pictures$xCriticism.
=852  \\$aAl Manhal FZLLC$j
=856  40$u

