=LDR  01863nam a2200409 i 4500
=003  AE-DuAMF
=005  20210215121917.7
=006  m    go  u        
=007  cr cn|||||||||
=008  210215s2021\\\\jo\a\\\go\\\\\000\0\tur\d
=020  \\$a9786055664367$c₺35,00 
=040  \\$aAE-DuAMF$beng$erda$cAE-DuAMF
=041  0\$atur
=050  00$aPN1998.3.B875$bB57 2017
=082  00$a791.403
=084  \\$aPER001000$aPER004010$2bisacsh
=245  00$aBir Tim Burrton kitabı /$cderleyen Selin Süar ; dizi editörü Hasan Gürkan ; kapak tasarımı Faruk Delice.
=264  \1$aİstanbul :$bEs Yayınları,$c2017.
=264  \4$c©2017
=300  \\$a185 pages :$billustrations ;$c24 cm.
=336  \\$atext$2rdacontent
=337  \\$acomputer$2rdamedia
=338  \\$aonline resource$2rdacarrier
=490  1\$aEs Yayınları ;$v82.$aYönetmenler dizisi ;$v14
=504  \\$aIncludes bibliographical references (pages 184-185)
=600  10$aBurton, Tim,$d1958-$xCriticism and interpretation.
=600  10$aBurton, Tim,$d1958-$xThemes, motives.
=650  \0$aMotion picture producers and directors$vBiography.
=650  \0$aMyth in motion pictures.
=650  \0$aFantasy films.
=700  1\$aSüar, Selin,$ecompiler
=700  1\$aGürkan, Hasan,$eeditor.
=700  1\$aDelice, Faruk,$ecover designer.
=830  \0$aEs Yayınları ;$v82.
=830  \0$aEs Yayınları.$pYönetmenler dizisi ;$v14.
=852  \\$aAl Manhal FZLLC$j
=856  40$u

