=LDR  01863nam a2200409 i 4500
=003  AE-DuAMF
=005  20210215121917.7
=006  m    go  u        
=007  cr cn|||||||||
=008  210215s2021\\\\jo\a\\\go\\\\\000\0\tur\d
=020  \\$a9786055664459$c₺62,00 
=040  \\$aAE-DuAMF$beng$erda$cAE-DuAMF
=050  14$aBF1569.A2$bK7320 2018 
=082  00$a133.42
=084  \\$aPSY015000$2bisacsh
=100  1\$aKramer, Heinrich,$eauthor.
=240  10$aMalleus maleficarum.$lTurkish.
=245  10$aCadı çekici /$cHeinrich Kramer, James Sprenger ; çeviren Aysu Polat ; editör Baykar Demir. 
=264  \1$aİstanbul :$bArtes Yayınları,$c2018.
=300  \\$a638 pages :$billustrations ;$c24 cm.
=336  \\$atext$2rdacontent
=337  \\$acomputer$2rdamedia
=338  \\$aonline resource$2rdacarrier
=490  1\$aArtes Yayınları ;$v18.$aAraştırma inceleme ;$v4.
=650  \0$aWitchcraft$vEarly works to 1800.
=650  \0$aDemonology.
=700  1\$aSprenger, James,$eauthor.
=700  1\$aPolat, Aysu,$etranslator.
=700  1\$aDemir, Baykar,$eeditor.
=730  0\$aMalleus maleficarum.$lTurkish.
=740  0\$aMalleus maleficarum.
=830  \0$aArtes Yayınları.$pAraştırma inceleme ;$v4.
=830  \0$aAraştırma İnceleme (Artes) ;$v4. 
=830  \0$aArtes Yayınları ;$v18.
=830  \0$aArtes Yayınları.
=852  \\$aAl Manhal FZLLC$j
=856  40$u

