=LDR  01863nam a2200409 i 4500
=003  AE-DuAMF
=005  20210215121917.7
=006  m    go  u        
=007  cr cn|||||||||
=008  210215s2021\\\\jo\a\\\go\\\\\000\0\tur\d
=020  \\$a9758716387$c₺17,50 
=040  \\$aAE-DuAMF$beng$erda$cAE-DuAMF
=041  0\$atur
=044  \\$ctu
=050  00$aNC1765
=082  00$a791.43
=084  \\$aPER017000$aPER004080$2bisacsh
=090  00$aNC1765$b.H86 2005 1
=100  1\$aHünerli, Selçuk.
=245  1\$aCanlandırma sineması üzerine/$cSelçuk Hünerli.
=264  \1$aİstanbul :$bEs Yayınları,$c2005.
=300  \\$a77 p. :$bill. ;$c20 cm.
=336  \\$atext$2rdacontent
=337  \\$acomputer$2rdamedia
=338  \\$aonline resource$2rdacarrier
=490  1\$aEs Yayınları  ;$v24.$aBaşlarken  ;$v2.
=500  \\$aBibliography : p.75-77.
=650  \0$aAnimated films$xHistory
=650  \0$aAnimated films$xTechnique
=650  \0$aAnimation(Cinematography)
=830  1\$aEs Yayınları  ;$v24.$aBaşlarken  ;$v2.
=830  0\$aEs Yayınları ;$v24.$pSinema Tekniği ;$v11.$pBaşlarken ;$v2.
=852  \\$aAl Manhal FZLLC$j
=856  40$u

