=LDR  01863nam a2200409 i 4500
=003  AE-DuAMF
=005  20210215121917.7
=006  m    go  u        
=007  cr cn|||||||||
=008  210215s2021\\\\jo\a\\\go\\\\\000\0\tur\d
=020  \\$a9789758716920$c₺32,00 
=040  \\$aAE-DuAMF$beng$erda$cAE-DuAMF
=041  0\$atur
=044  \\$ctu
=050  00$aPN1995.9S45
=082  00$a791.436538
=084  \\$aPER004000$2bisacsh
=090  00$aPN1995.9S45$b.A839 2008
=245  0\$aCinselliğin mitolojisi :$bPornografik filmin tarihi/$cderleyen, Veysel Atayman.
=264  \1$aİstanbul :$bEs Yayınları,$c2008.
=300  \\$a308 s. :$bill.$c20cm.
=336  \\$atext$2rdacontent
=337  \\$acomputer$2rdamedia
=338  \\$aonline resource$2rdacarrier
=490  1\$aEs Yayınları  ;$v60.$aSinema tekniği/film kuramı  ;$v9
=650  \0$aCinsellik, sinemada.
=650  \0$aSexism in motion pictures.
=650  \0$aPornographic movies--History.
=650  \0$aPornografik filmler--Tarih.
=650  \0$aAdult movies.
=650  \0$aErotik filmler.
=650  \7$aPERFORMING ARTS / Film / General.$2bisacsh
=830  1\$aEs Yayınları  ;$v60.$aSinema tekniği/film kuramı  ;$v9
=852  \\$aAl Manhal FZLLC$j
=856  40$u

