=LDR  01863nam a2200409 i 4500
=003  AE-DuAMF
=005  20210215121917.7
=006  m    go  u        
=007  cr cn|||||||||
=008  210215s2021\\\\jo\a\\\go\\\\\000\0\tur\d
=020  \\$a9789758716760$c₺25,00 
=024  3\$a9789758716760 
=040  \\$aAE-DuAMF$beng$erda$cAE-DuAMF
=041  0\$atur
=044  \\$ctu
=050  \\$aN7167$b.U88 2007 
=082  00$a791.43
=084  \\$aART006000$2bisacsh
=100  1\$aÜstünipek, Mehmet. 
=245  10$aTanzimat'tan Cumhuriyet'e çağdaş Türk sanatında sergiler, 1850-1950 /$cMehmet Üstünipek.
=246  30$aÇağdaş Türk sanatında sergiler, 1850-1950.
=260  \\$aİstanbul :$bArtes Yayınları,$c2007. 
=300  \\$a173 p. :$bplates. ;$c20 cm. 
=336  \\$atext$2rdacontent
=337  \\$acomputer$2rdamedia
=338  \\$aonline resource$2rdacarrier
=490  1\$aArtes yayınları ;$v3.$aSanat ;$v1.$a
=650  \0$aArts, Turkish$y19th century$vExhibitions.
=650  \0$aArts, Turkish$y20th century$vExhibitions.
=650  \0$aArts, Modern$y19th century$zTurkey$vExhibitions. 
=650  \0$aArts, Modern$y20th century$zTurkey$vExhibitions. 
=650  \7$aART / Collections, Catalogs, Exhibitions / General.$2bisacsh
=830  1\$aArtes yayınları ;$v3.$aSanat ;$v1.$a
=852  \\$aAl Manhal FZLLC$j
=856  40$u

