=LDR  01863nam a2200409 i 4500
=003  AE-DuAMF
=005  20210215121917.7
=006  m    go  u        
=007  cr cn|||||||||
=008  210215s2021\\\\jo\a\\\go\\\\\000\0\tur\d
=020  \\$a9758716715$c₺30,00 
=040  \\$aAE-DuAMF$beng$erda$cAE-DuAMF
=041  0\$atur
=044  \\$ctu
=050  00$aPN1993.5.T9
=082  00$a791.43
=084  \\$aPER004030$2bisacsh
=090  00$aPN1993.5.T9$bB38 2007
=100  1\$aBatur, Enis.
=245  1\$aEnis Batur'dan sinema yazıları :$bhurufi gözüyle büyü kutusu/$cEnis Batur ; editör Ala Sivas.
=264  \1$aİstanbul :$bEs Yayınları,$c2007.
=300  \\$a253 s. :$bill. ;$c20 cm.
=336  \\$atext$2rdacontent
=337  \\$acomputer$2rdamedia
=338  \\$aonline resource$2rdacarrier
=490  1\$aEs Yayınları  ;$v50 
=500  \\$aHer yazarın bir gençlik düşü olur. Türk Edebiyatına ve kültür yaşamına son çeyrek yüzyılda damgasını vuran yazarlar arasında yeralan Enis Batur'un gerçekleşmemiş düşünün sinemacılık olduğunu pek az okur bilir. Es Yayınları, Batur'un bu tutkusunun izini sürerek, onun dağınık düzende çeşitli kitap ve dergilerdeki yazılarını ilk defa bir araya topladı. "Hurufi Gözüyle Büyü Kutusu": Enis Batur'un Sinema Yazıları, bir gözüne kamera yerleştirmiş şairin, gözde filimleri ve yönetmenleri üzerinde öznel bakışını gezdirişinin belgeseli.
=650  \0$aMotion pictures
=650  \0$aMotion picture play -- History and criticism
=650  \0$aSinema
=650  \0$aSenaryolar -- Tarih ve eleştiri
=650  \7$aPERFORMING ARTS / Film / History & Criticism.$2bisacsh
=830  1\$aEs Yayınları  ;$v50 
=852  \\$aAl Manhal FZLLC$j
=856  40$u

