=LDR  01863nam a2200409 i 4500
=003  AE-DuAMF
=005  20210215121917.7
=006  m    go  u        
=007  cr cn|||||||||
=008  210215s2021\\\\jo\a\\\go\\\\\000\0\tur\d
=020  \\$a9786055664152$c₺23,00 
=040  \\$aAE-DuAMF$beng$erda$cAE-DuAMF
=041  0\$atur
=044  \\$ctu
=050  00$aPN1995
=082  00$a791.4301
=084  \\$aPER004000$2bisacsh
=090  00$aPN1995$b.F339 2011
=245  0\$aFelsefenin düşüşü sinemanın yükselişi  :$b  felsefenin ışığında sinema/$cder. Kaan Demirdöven ; çev. Emre Can Ercan.
=264  \1$aİstanbul :$bEs Yayınları,$c2011.
=300  \\$a177 pages ;$c20 cm
=336  \\$atext$2rdacontent
=337  \\$acomputer$2rdamedia
=338  \\$aonline resource$2rdacarrier
=490  1\$aEs Yayınları.$a70  ;$vSinema Filozofi.$a3 
=500  \\$aKaynakça var.
=505  \\$aİÇİNDEKİLER$xÖnsöz$xFelsefenin Düşüşü, Sinemanın Yükselişi$xMichael Bischoff$xTeknolojiyi Sorgulamak$xMartin Heidegger 'in tanıtılışı$xHikayeleri Sorgulamak$xWim Wenders 'in tanıtılışı$xWenders ve Heidegger'in Birbirine Örülmesi$xBölgeselleşimbozumu ve Obje:$xDeleuze ve Sinema Karşı Karşıya$xR. W. Cook$xDeleuze'ün Sinema Görüşü$xStephen Arnott$xBergson: Deleuze'den önce$xJinhee Choi$xDeleuze 'Sonrası' Film Kuramı$xTom Conley$xSinemayla Düşünmek: Deleuze ve Film Kuramı$xJeffrey A. Bell$xFilm Kuramının Fizikle Buluşması:$xTarkovsky'nin Zaman-Basınç Kuramının Deleuze'cü$xBir Analizi 1. Bölüm$xDavid George Menard$xDeleuze'ün Tarkovsky İle Buluşması:$xTarkovsky 'nin "Zaman-Basınç" Kuramının Deleuze'cü$xBir Analizi 2. Bölüm$xGeorge Menard$xEk Bölüm$xMirror' ın kısmi bir sahne/çekim ayrıntılı analizi$x
=650  \0$aMotion pictures$x Philosophy  
=650  \0$aSinema$x Felsefe  
=650  \7$aPERFORMING ARTS / Film / General.$2bisacsh
=700  1\$aDemirdöven, der. Kaan 
=700  1\$aErcan, çev. Emre Can 
=830  1\$aEs Yayınları.$a70  ;$vSinema Filozofi.$a3 
=852  \\$aAl Manhal FZLLC$j
=856  40$u

