=LDR  01863nam a2200409 i 4500
=003  AE-DuAMF
=005  20210215121917.7
=006  m    go  u        
=007  cr cn|||||||||
=008  210215s2021\\\\jo\a\\\go\\\\\000\0\tur\d
=020  \\$a9789758716227$c₺37,00 
=040  \\$aAE-DuAMF$beng$erda$cAE-DuAMF
=041  0\$atur
=044  \\$ctu
=050  00$aPN1995.H6355
=082  00$a791.4301
=084  \\$aPER004000$aPSY000000$2bisacsh
=090  00$aPN1995.H6355$bF556 2004
=100  1\$aHockley, Luke.
=240  10$aCinematic projections : the analytical psychology of C. G. Jung and film theory$lTürkçe
=245  1\$aFilm çözümlemesinde Jungcu yaklaşım =$bCinematic projections :$bthe analytical psychology of C. G. Jung and film theory/$cLuke Hockley ; Luke Hockley ; çeviren Simten Gündeş.
=264  \1$aİstanbul :$bEs Yayınları,$c2004.
=300  \\$a323 s. :$ill. ;$c20 sm.
=336  \\$atext$2rdacontent
=337  \\$acomputer$2rdamedia
=338  \\$aonline resource$2rdacarrier
=490  1\$aEs Yayınları  ;$v13.$aSinema Tekniği Kitaplığı  ;$v4.$aFilm Çözümlemesi  ;$v1.
=500  \\$aBibliyografya
=650  \0$aSinema Filmleri$xPsikolojik Yönler
=650  \0$aMotion Pictures$xPsychological Aspects
=650  \0$aJung Psikolojisi
=650  \0$aJungian Psychology
=650  \7$aPERFORMING ARTS / Film / General.$2bisacsh
=650  \7$aPSYCHOLOGY / General.$2bisacsh
=700  1\$aHockley, Luke 
=700  1\$aGündeş, çeviren Simten 
=830  1\$aEs Yayınları  ;$v13.$aSinema Tekniği Kitaplığı  ;$v4.$aFilm Çözümlemesi  ;$v1.
=852  \\$aAl Manhal FZLLC$j
=856  40$u

