=LDR  01863nam a2200409 i 4500
=003  AE-DuAMF
=005  20210215121917.7
=006  m    go  u        
=007  cr cn|||||||||
=008  210215s2021\\\\jo\a\\\go\\\\\000\0\tur\d
=020  \\$a9758716433 (tk)
=020  \\$a9758716441 (c.1)$c₺28,00 
=040  \\$aAE-DuAMF$beng$erda$cAE-DuAMF
=050  00$aTR850$b.A75 2005
=082  04$a791.437
=084  \\$aPER004010$2bisacsh
=090  00$aTR850$b.A819 2005 c.1
=100  00$aArijon, Daniel
=245  1\$aFilm dilinin grameri/$cDaniel Arijon ; çevirenler Yalçın Demir, Nazlı Bayram, Uğur Demiray, Nazmi ulutak, Murat Barkan.
=246  \\$aGrammar of the film language
=260  \\$aİstanbul :$bEs Yayınları,$c2005.
=264  \1$aİstanbul :$bEs Yayınları,$c2005.
=300  \\$a3 c. :$bill. ;$c20 cm.
=336  \\$atext$2rdacontent
=337  \\$acomputer$2rdamedia
=338  \\$aonline resource$2rdacarrier
=490  \\$aEs Yayınları ;$v27.$aSinema Tekniği ;$v13
=500  \\$aDizin vardır.
=505  \\$ac.1 Durağan sahneler. -- c.2 Oyuncu hareketli sahneler. -- c.3 Oyuncu ve kamera hareketli sahneler.
=650  \\$aCinematography.
=650  \\$aMotion pictures$xProduction and direction.
=650  \\$aSinemacılık.
=650  \\$aSinema$xYapım ve yönetim
=650  \7$aPERFORMING ARTS / Film & Video / Direction & Production.$2bisacsh
=700  \\$aDemir, Yalçın.
=740  \\$aDurağan sahneler.
=740  \\$aOyuncu hareketli sahneler.
=740  \\$aOyuncu ve kamera hareketli sahneler.
=740  \\$aGrammar of the film language.
=830  1\$aEs Yayınları  ;$v27.$a Sinema Tekniği  ;$v13 
=852  \\$aAl Manhal FZLLC$j
=856  40$u

