=LDR  01863nam a2200409 i 4500
=003  AE-DuAMF
=005  20210215121917.7
=006  m    go  u        
=007  cr cn|||||||||
=008  210215s2021\\\\jo\a\\\go\\\\\000\0\tur\d
=020  \\$a9758716514$c₺23,00 
=040  \\$aAE-DuAMF$beng$erda$cAE-DuAMF
=041  0\$atur
=044  \\$ctu
=050  00$aM 1527
=082  00$a781.542
=084  \\$aPER004000$aMUS000000$2bisacsh
=090  00$aM 1527$bT66 2006
=100  1\$aTonks, Paul.
=245  1\$aFilm müziği/$cPaul Tonks ; çev. Ala Sivas.
=264  \1$aİstanbul:$bEs Yayınları,$c2006.
=300  \\$a133 s. :$bill.
=336  \\$atext$2rdacontent
=337  \\$acomputer$2rdamedia
=338  \\$aonline resource$2rdacarrier
=490  1\$aEs Yayınları ;$v35.$pSinema tekniği ;$v17
=500  \\$aKaynakça var.
=650  \0$aFilm müziği
=650  \0$aMotion picture music
=650  \7$aPERFORMING ARTS / Film / General.$2bisacsh
=650  \7$aMUSIC / General.$2bisacsh
=830  0\$aEs Yayınları ;$v35.$pSinema tekniği ;$v17
=852  \\$aAl Manhal FZLLC$j
=856  40$u

