=LDR  01863nam a2200409 i 4500
=003  AE-DuAMF
=005  20210215121917.7
=006  m    go  u        
=007  cr cn|||||||||
=008  210215s2021\\\\jo\a\\\go\\\\\000\0\tur\d
=020  \\$a9786055664282$c₺30,00 
=040  \\$aAE-DuAMF$beng$erda$cAE-DuAMF
=041  0\$atur
=044  \\$ctu
=050  00$aPN 1993.5 .F7$bO33
=082  00$a781.542
=084  \\$aPER004000$2bisacsh
=090  00$aPN 1993.5 .F7$bO33  2013
=100  1\$aOdabaş, Battal.
=245  1\$aFransız siyasal sineması/$cBattal Odabaş.
=264  \1$aİstanbul:$bEs,$c2013.
=300  \\$a165 s. :$bill. ;$c23 cm..
=336  \\$atext$2rdacontent
=337  \\$acomputer$2rdamedia
=338  \\$aonline resource$2rdacarrier
=490  1\$aEs yayınları ;$v76.$pÜlkeler sineması ;$v4.$p
=500  \\$aKaynakça.
=650  \0$a Motion pictures$x France$x History.
=650  \0$a Motion pictures$x Political aspects$x France$x History
=650  \0$aSinema Filmleri--Fransa--Tarih.
=650  \0$aSinema Filmleri--Siyasi Yönler--Fransa--Tarih.
=650  \7$aPERFORMING ARTS / Film / General.$2bisacsh
=830  0\$aEs yayınları ;$v76.$pÜlkeler sineması ;$v4.$p.
=852  \\$aAl Manhal FZLLC$j
=856  40$u

