=LDR  01863nam a2200409 i 4500
=003  AE-DuAMF
=005  20210215121917.7
=006  m    go  u        
=007  cr cn|||||||||
=008  210215s2021\\\\jo\a\\\go\\\\\000\0\tur\d
=020  \\$a9786055664329$c₺40,00 
=040  \\$aAE-DuAMF$beng$erda$cAE-DuAMF
=041  0\$atur
=044  \\$ctu
=050  00$aPN1993.5.T9
=082  00$a791.4309
=084  \\$aPER004000$2bisacsh
=090  00$aPN1993.5.T9$bEr91 2015 k.2
=100  1\$aErus, Zeynep Çetin.
=245  1\$aGenç sinema ve devrimci sinema hareketleri/$cZeynep Çetin Erus.
=264  \1$aİstanbul :$bEs Yayınları,$c2015.
=300  \\$a263 pages :$bill.
=336  \\$atext$2rdacontent
=337  \\$acomputer$2rdamedia
=338  \\$aonline resource$2rdacarrier
=490  1\$aEs Yayınları  ;$v78.$aSinemada Akımlar  ;$v5
=500  \\$aKaynakça var.
=650  \0$aMotion pictures$xTurkey.
=650  \0$aMotion pictures$xTurkey$xHistory.
=650  \0$aMotion pictures$xHistory.
=650  \0$aMotion pictures$xPolitical aspects.
=650  \0$aSinema$xTürkiye
=650  \7$aPERFORMING ARTS / Film / General.$2bisacsh
=830  1\$aEs Yayınları  ;$v78.$aSinemada Akımlar  ;$v5
=852  \\$aAl Manhal FZLLC$j
=856  40$u

