=LDR  01863nam a2200409 i 4500
=003  AE-DuAMF
=005  20210215121917.7
=006  m    go  u        
=007  cr cn|||||||||
=008  210215s2021\\\\jo\a\\\go\\\\\000\0\tur\d
=020  \\$a9789758716869$c₺22,00 
=040  \\$aAE-DuAMF$beng$erda$cAE-DuAMF
=041  0\$atur
=044  \\$ctu
=082  10$a791.43
=084  \\$aPER004110$2bisacsh
=090  10$aPN1993.5$bF7
=100  1\$aKutay, Uğur.
=245  1\$aGerçeği öldüren kamera :$bbelgesel sinema ve gerçeklik/$cUğur Kutay.
=264  \1$aİstanbul :$bEs Yayınları,$c2009.
=300  \\$a152 s. :$bill. ;$c20 cm.
=336  \\$atext$2rdacontent
=337  \\$acomputer$2rdamedia
=338  \\$aonline resource$2rdacarrier
=490  1\$aEs Yayınları  ;$v64.$aSinema Tekniği Film Kuramı  ;$v10 
=500  \\$aKaynakça var.
=650  \0$aBelgesel filmler
=650  \0$aSinema -- Gerçeklik
=650  \0$aSinema ve gerçeklik
=650  \7$aPERFORMING ARTS / Film / Genres / Documentary$2bisacsh
=830  1\$aEs Yayınları  ;$v64.$aSinema Tekniği Film Kuramı  ;$v10 
=852  \\$aAl Manhal FZLLC$j
=856  40$u

