=LDR  01863nam a2200409 i 4500
=003  AE-DuAMF
=005  20210215121917.7
=006  m    go  u        
=007  cr cn|||||||||
=008  210215s2021\\\\jo\a\\\go\\\\\000\0\tur\d
=020  \\$a9786055664350
=041  0\$atur
=050  \\$aPN1993.5$bT9
=082  10$a791.43
=084  \\$aPER004110$2bisacsh
=090  \\$aPN 1995.9 .K88 2016
=100  \\$aKutay, Uğur
=245  1\$aGerçeklik krizi ve belgesel sinema /$cUğur Kutay.
=260  \\$aİstanbul :$bEs,$c2016.
=300  \\$a109 s. :$bill.;$c21 cm.
=336  \\$atext$2rdacontent
=337  \\$acomputer$2rdamedia
=338  \\$aonline resource$2rdacarrier
=490  \\$aEs yayınları ;$v80.
=490  \\$aSinema Tekniği Film Kuramı ;$v11.
=504  \\$aKaynakça vardır.
=650  \0$aBelgesel Filmler$xYapım ve Yönetim
=650  \0$aDocumentary Films$xProduction and Direction
=650  \7$aPERFORMING ARTS / Film / Genres / Documentary$2bisacsh
=852  \\$aAl Manhal FZLLC$j
=856  40$u

