=LDR  01863nam a2200409 i 4500
=003  AE-DuAMF
=005  20210215121917.7
=006  m    go  u        
=007  cr cn|||||||||
=008  210215s2021\\\\jo\a\\\go\\\\\000\0\tur\d
=020  \\$a9758716328$c₺25,00 
=040  \\$aAE-DuAMF$beng$erda$cAE-DuAMF
=041  0\$atur
=044  \\$ctu
=050  00$aPN1995
=082  10$a791.437
=084  \\$aPER004030$2bisacsh
=090  00$aPN1995$bS98 2005
=100  1\$aSütcü, Özcan Yılmaz.
=245  1\$aGilles Deleuze'de imge hareketi olarak sinemanın felsefesi/$cÖzcan Yılmaz Sütcü.
=264  \1$aİstanbul :$bEs Yayınları,$c2005.
=300  \\$a197 s. ;$c20 cm.
=336  \\$atext$2rdacontent
=337  \\$acomputer$2rdamedia
=338  \\$aonline resource$2rdacarrier
=490  1\$aEs Yaynları ;$v21.$aSinema Üzerine Yazılar / Sinema-Filozofi ;$v1.
=500  \\$aBibliography :p. 196-197.
=650  \0$aDeleuze, Gilles$xViews on motion pictures
=650  \0$aSİNEMA$xFELSEFE
=650  \0$aSİNEMA$xTARİH
=650  \0$aMotion pictures$xPhilosophy
=650  \0$aMotion pictures$xHistory
=650  \7$aPERFORMING ARTS / Film / History & Criticism.$2bisacsh
=830  1\$aEs Yaynları ;$v21.$aSinema Üzerine Yazılar / Sinema-Filozofi ;$v1.
=852  \\$aAl Manhal FZLLC$j
=856  40$u

