=LDR  01863nam a2200409 i 4500
=003  AE-DuAMF
=005  20210215121917.7
=006  m    go  u        
=007  cr cn|||||||||
=008  210215s2021\\\\jo\a\\\go\\\\\000\0\tur\d
=020  \\$a9786055664237$c₺33,00 
=040  \\$aAE-DuAMF$beng$erda$cAE-DuAMF
=041  0\$atur
=044  \\$ctu
=050  00$aP99
=082  10$a791.437
=084  \\$aSOC002000$2bisacsh
=090  00$aP99$b.G67 2012
=245  0\$aGörsel Göstergebilim: İmgenin Anlamlandırılması/$cEd. V. Doğan Günay ve Alev F. Parsa.
=264  \1$aİstanbul :$bEs Yayınları,$c2012.
=300  \\$a244 s.; 24 cm.
=336  \\$atext$2rdacontent
=337  \\$acomputer$2rdamedia
=338  \\$aonline resource$2rdacarrier
=490  0\$aEs Yayınları: 74.$aGörsel Göstegebilim:3.
=500  \\$aKaynakça vardır.
=650  \0$aİmge 
=650  \0$aGöstergebilim
=650  \0$aReklamlar 
=650  \0$aGörsel iletişim 
=650  \0$aSemiotics 
=650  \0$aGörsel Göstergebilim
=650  \7$aSOCIAL SCIENCE / Anthropology / General.$2bisacsh
=830  0\$aEs Yayınları: 74.$aGörsel Göstegebilim:3.
=852  \\$aAl Manhal FZLLC$j
=856  40$u

