=LDR  01863nam a2200409 i 4500
=003  AE-DuAMF
=005  20210215121917.7
=006  m    go  u        
=007  cr cn|||||||||
=008  210215s2021\\\\jo\a\\\go\\\\\000\0\tur\d
=020  \\$a975871646$c₺22,00 
=040  \\$aAE-DuAMF$beng$erda$cAE-DuAMF
=041  0\$atur
=044  \\$ctu
=050  00$aPN1999.4
=082  04$a791.437246
=084  \\$aPER004010$2bisacsh
=090  00$aPN1999.4$b.B86 2006
=245  0\$aBir Luis Bunuel klasiği :$bGündüz Güzeli :$bçekim senaryosu/$cHaz.: Artun Yeres.
=264  \1$aİstanbul :$bEs Yayınları,$c2006.
=300  \\$a147 s. :$bill..
=336  \\$atext$2rdacontent
=337  \\$acomputer$2rdamedia
=338  \\$aonline resource$2rdacarrier
=490  1\$aEs Yayınları  ;$v46.$aSenaryo  ;$v3
=500  \\$aKaynakça var.
=650  \0$aBunuel, Luis, 1900-1983.
=650  \0$aMotion picture producers and directors$xSpain$xBiography.
=650  \0$aFilm senaryoları.
=650  \7$aPERFORMING ARTS / Film & Video / Direction & Production.$2bisacsh
=830  1\$aEs Yayınları  ;$v46.$aSenaryo  ;$v3
=852  \\$aAl Manhal FZLLC$j
=856  40$u

