=LDR  01863nam a2200409 i 4500
=003  AE-DuAMF
=005  20210215121917.7
=006  m    go  u        
=007  cr cn|||||||||
=008  210215s2021\\\\jo\a\\\go\\\\\000\0\tur\d
=020  \\$a9789758716739$c₺18,00 
=040  \\$aAE-DuAMF$beng$erda$cAE-DuAMF
=041  0\$atur
=044  \\$ctu
=082  10$a791.430 973
=084  \\$aPER004010$2bisacsh
=090  10$a791.430 973$bGÖN 2007
=100  1\$aGönen, Metin.
=245  1\$aHollywood sineması/$cMetin Gönen.
=264  \1$aİstanbul :$bEs Yayınları,$c2007.
=300  \\$a114 p. :$bill. ;$c19 cm.
=336  \\$atext$2rdacontent
=337  \\$acomputer$2rdamedia
=338  \\$aonline resource$2rdacarrier
=490  1\$aEs Yayınları  ;$v52.$aSinema Tekniği Film Kuramı  ;$v6
=650  \0$aMotion pictures$xPolitical aspects$xUnited States
=650  \0$aSinema$xSiyasal yönler$xABD
=650  \0$aHollywood sineması
=650  \0$aGösteri sanatları
=650  \0$aTopluluk önünde gösteriler
=650  \7$aPERFORMING ARTS / Film & Video / Direction & Production.$2bisacsh
=650  \0$aFilmler
=830  1\$aEs Yayınları  ;$v52.$aSinema Tekniği Film Kuramı  ;$v6
=852  \\$aAl Manhal FZLLC$j
=856  40$u

