=LDR  01863nam a2200409 i 4500
=003  AE-DuAMF
=005  20210215121917.7
=006  m    go  u        
=007  cr cn|||||||||
=008  210215s2021\\\\jo\a\\\go\\\\\000\0\tur\d
=020  \\$a9759788716662$c₺17,50 
=040  \\$aAE-DuAMF$beng$erda$cAE-DuAMF
=041  0\$atur
=044  \\$ctu
=082  10$a791.4309561
=084  \\$aPER004030$2bisacsh
=090  10$a791.4309561$bE93 2006
=100  1\$aEvren, Burçak,$d1947-.
=245  1\$aTürk sinemasında ilk filmler/$cBurçak Evren ; Burçak Evren ; editör Ala Sivas.
=264  \1$aİstanbul :$bEs Yayınları,$c2006.
=300  \\$a97 pages :$bill. 22 cm.
=336  \\$atext$2rdacontent
=337  \\$acomputer$2rdamedia
=338  \\$aonline resource$2rdacarrier
=490  1\$aEs yayınları  ;$vTürk Sineması  ;$v48.$a7 
=500  \\$aDış kapakta yapıt adı: İlk Türk filmleri
=650  \0$aSinema tarihi - Türkiye
=650  \7$aPERFORMING ARTS / Film / History & Criticism.$2bisacsh
=650  \7$a Motion pictures and literature$x Turkey.
=830  1\$aEs yayınları  ;$vTürk Sineması  ;$v48.$a7 
=852  \\$aAl Manhal FZLLC$j
=856  40$u

