=LDR  01863nam a2200409 i 4500
=003  AE-DuAMF
=005  20210215121917.7
=006  m    go  u        
=007  cr cn|||||||||
=008  210215s2021\\\\jo\a\\\go\\\\\000\0\tur\d
=020  \\$a9758716425$c₺30,00 
=040  \\$aAE-DuAMF$beng$erda$cAE-DuAMF
=041  0\$atur
=044  \\$ctu
=082  10$a791.43
=084  \\$aPER004000$aREL000000$2bisacsh
=090  10$a791.43$bV437 2005
=100  1\$aVelioğlu, Özgür.
=245  1\$aİnançların Türk Sinemasına Yansıması :$bŞamanizm, Gök-Tanrı, Animizm, Naturizm, Totemizm, İslamiyet İnançları Açısından/$cÖzgür Velioğlu.
=264  \1$aİstanbul :$bEs Yayınları,$c2005.
=300  \\$a 262 s. :$b res. ;$c 20 cm.
=336  \\$atext$2rdacontent
=337  \\$acomputer$2rdamedia
=338  \\$aonline resource$2rdacarrier
=490  1\$a Es yayınları ;$v 31. Türk sineması ;$v 4.
=500  \\$aKaynakça var.
=650  \0$aGösteri sanatları
=650  \0$aTopluluk önünde gösteriler
=650  \7$aPERFORMING ARTS / Film / General.$2bisacsh
=650  \7$aRELIGION / General.$2bisacsh
=650  \0$aSinema
=852  \\$aAl Manhal FZLLC$j
=856  40$u

