=LDR  01863nam a2200409 i 4500
=336  \\$atext$2rdacontent
 =LDR  01166nam a2200337 a 4500
=003  AE-DuAMF
=005  20210215121917.7
=006  m    go  u        
=007  cr cn|||||||||
=008  210215s2021\\\\jo\a\\\go\\\\\000\0\tur\d
=020  \\$a9789758716784$c₺34,00 
=040  \\$aAE-DuAMF$beng$erda$cAE-DuAMF
=041  0\$atur
=044  \\$ctu
=050  00$aPN1993.5.P687
=082  04$a791.430955
=084  \\$aPER004030$2bisacsh
=090  00$aPN1993.5.P687$bT3755 2007
=100  1\$aPour, Makrokh Shirin.
=245  1\$aTarihsel gelişimin ışığında İran sineması/$cMakrokh Shirin Pour ; editör Uğur Kutay.
=264  \1$aİstanbul :$bEs Yayınları,$c2007.
=300  \\$a217 s. :$bill., tbl. ;$c20 cm.
=337  \\$acomputer$2rdamedia
=338  \\$aonline resource$2rdacarrier
=490  1\$aEs Yayınları  ;$v55.$aÜlkeler Sineması  ;$v3.$a 
=500  \\$aBibliyografya
=650  \0$aSinema Filmleri$xİran$xTarih
=650  \0$aMotion Pictures$xIran$xHistory
=650  \7$aPERFORMING ARTS / Film / History & Criticism.$2bisacsh
=700  1\$aKutay, editör Uğur 
=830  1\$aEs Yayınları  ;$v55.$aÜlkeler Sineması  ;$v3.$a 
=852  \\$aAl Manhal FZLLC$j
=856  40$u

