=LDR  01863nam a2200409 i 4500
=003  AE-DuAMF
=005  20210215121917.7
=006  m    go  u        
=007  cr cn|||||||||
=008  210215s2021\\\\jo\a\\\go\\\\\000\0\tur\d
=020  \\$a97587161606$c₺22,00 
=040  \\$aAE-DuAMF$beng$erda$cAE-DuAMF
=041  0\$atur
=044  \\$ctu
=050  00$aPN1993.5.I88
=082  04$a791.430945
=084  \\$aPER004010$2bisacsh
=090  00$aPN1993.5.I88$bS58 2004
=100  1\$aSivas, Ala .
=245  1\$aİtalyan Sineması /$cAla  Sivas.
=264  \1$aİstanbul :$bEs Yayınlar,$c2004.
=300  \\$a 156 s. :$b res. ;$c 21 cm.
=336  \\$atext$2rdacontent
=337  \\$acomputer$2rdamedia
=338  \\$aonline resource$2rdacarrier
=490  1\$aEs yayınları:9  ;$vÜlkeler sineması: 2
=500  \\$aKaynakça vardır.
=650  \0$aSinema yapımcı ve yönetmenleri -- İtalya
=650  \0$aSinema -- İtalya 
=650  \0$aTopluluk önünde gösteriler 
=650  \7$aPERFORMING ARTS / Film & Video / Direction & Production.$2bisacsh
=830  1\$aEs yayınları:9  ;$vÜlkeler sineması: 2
=852  \\$aAl Manhal FZLLC$j
=856  40$u

