=LDR  01863nam a2200409 i 4500
=003  AE-DuAMF
=005  20210215121917.7
=006  m    go  u        
=007  cr cn|||||||||
=008  210215s2021\\\\jo\a\\\go\\\\\000\0\tur\d
=020  \\$a9758716158$c₺33,00 
=040  \\$aAE-DuAMF$beng$erda$cAE-DuAMF
=050  00$aTR849.A44$bK36 2004
=082  04$a791.437
=084  \\$aPER004010$2bisacsh
=100  1\$aAlmendros, Nestor.
=245  10$aKameralı bir adam/$cNestor Almendros; preface by François Truffaut; translated by Selçuk Taylaner.
=260  \\$aİstanbul:$bEs Yayınları,$c2004.
=300  \\$a282 p.:$bill.;$c20 cm.
=336  \\$atext$2rdacontent
=337  \\$acomputer$2rdamedia
=338  \\$aonline resource$2rdacarrier
=490  1\$aEs Yayınları;$v11.$aSinema Tekniği Kitaplığı;$v3.$aKamera Arkası;$v1.
=504  \\$aFilmography (p. 246-264).
=600  10$aAlmendros, Nestor.
=650  \0$aCinematographers$zSpain$vBiography.
=650  \0$aMotion picture producers and directors$zSpain.
=650  \0$aMotion pictures$xProduction and direction$zSpain.
=650  \7$aPERFORMING ARTS / Film & Video / Direction & Production.$2bisacsh
=700  1\$aTaylaner, Selçuk.$etr.
=700  1\$aTruffaut, François.$epreface.
=830  \0$aEs Yayınları;$v11.
=830  \0$aSinema Tekniği Kitaplığı (Es Yayınları);$v3.
=830  \0$aKamera Arkası Dizisi (Es Yayınları);$v1.
=852  \\$aAl Manhal FZLLC$j
=856  40$u

