=LDR  01863nam a2200409 i 4500
=003  AE-DuAMF
=005  20210215121917.7
=006  m    go  u        
=007  cr cn|||||||||
=008  210215s2021\\\\jo\a\\\go\\\\\000\0\tur\d
=020  \\$a9786055664312$c₺40,00 
=040  \\$aAE-DuAMF$beng$erda$cAE-DuAMF
=050  00$aPN1993.5G87
=084  \\$aPER004030$2bisacsh
=090  00$aPN1993.5G87$b.K37 2015
=100  1\$aGürkan, Hasan.
=245  1\$aKarşı sinema/$cHasan Gürkan.
=264  \1$aİstanbul :$bEs Yayınları,$c2015.
=300  \\$a244 s. :$bill.. ;$c25 cm.
=336  \\$atext$2rdacontent
=337  \\$acomputer$2rdamedia
=338  \\$aonline resource$2rdacarrier
=490  1\$aES yayınları  ;$v79.$aSinemada akımlar  ;$v6 
=500  \\$aKaynakça: pages 237-244.
=650  \0$aSinema$xDeğerlendirme$xABD
=650  \0$aSinema$xABD
=650  \7$aPERFORMING ARTS / Film / History & Criticism.$2bisacsh
=830  1\$aES yayınları  ;$v79.$aSinemada akımlar  ;$v6 
=852  \\$aAl Manhal FZLLC$j
=856  40$u

