=LDR  01863nam a2200409 i 4500
=003  AE-DuAMF
=005  20210215121917.7
=006  m    go  u        
=007  cr cn|||||||||
=008  210215s2021\\\\jo\a\\\go\\\\\000\0\tur\d
=020  \\$a9758716247$c₺40,00 
=040  \\$aAE-DuAMF$beng$erda$cAE-DuAMF
=041  0\$atur
=044  \\$ctu
=050  00$aPN1993.5.T9
=082  04$a791.4309561
=084  \\$aPER004000$2bisacsh
=090  00$aPN1993.5.T9$bU57 2004
=100  1\$aÜnser, Orhan.
=245  1\$aKelimelerden görüntüye/$cOrhan Ünser.
=264  \1$aİstanbul :$bEs Yayınları,$c2004.
=300  \\$a360 s. :$bill.
=336  \\$atext$2rdacontent
=337  \\$acomputer$2rdamedia
=338  \\$aonline resource$2rdacarrier
=490  1\$aEs yayınları ;16.$aTürk sineması ;3 
=500  \\$aDizin var.
=650  \0$aMotion pictures$xTurkey. 
=650  \0$aMotion pictures and literature$xTurkey. 
=650  \0$aTurkish literature$xFilm and video adaptations. 
=650  \0$aAuthors, Turkish$xDictionaries$xBiography.
=650  \7$aPERFORMING ARTS / Film / General.$2bisacsh
=830  1\$aEs yayınları ;16.$aTürk sineması ;3 
=852  \\$aAl Manhal FZLLC$j
=856  40$u

