=LDR  01863nam a2200409 i 4500
=003  AE-DuAMF
=005  20210215121917.7
=006  m    go  u        
=007  cr cn|||||||||
=008  210215s2021\\\\jo\a\\\go\\\\\000\0\tur\d
=020  \\$a9758716492$c₺45,00 
=040  \\$aAE-DuAMF$beng$erda$cAE-DuAMF
=041  0\$atur
=044  \\$ctu
=050  00$aPN1996
=082  04$a791.437
=084  \\$aPER004050$2bisacsh
=090  00$aPN1996$b.C814 2005
=100  1\$aCooper, Pat .
=240  10$aWriting the short film.$lTürkçe
=245  1\$aKısa film yazmak /$cPat  Cooper ; Ken Dancyger; çev.: Simten Gündeş.
=264  \1$aİstanbul :$bEs Yayınları,$c2005.
=300  \\$a402 s. :$bill.
=336  \\$atext$2rdacontent
=337  \\$acomputer$2rdamedia
=338  \\$aonline resource$2rdacarrier
=490  1\$aEs Yayınları  ;$v32, Sinema Tekniği  ;$v16
=500  \\$aÖzgün adı: Writing the short film.
=500  \\$aKaynakça var.
=650  \0$aMotion picture authorship.
=650  \0$aShort films.
=650  \7$aPERFORMING ARTS / Film / ScreenwritingHistory.$2bisacsh
=830  1\$aEs Yayınları  ;$v32, Sinema Tekniği  ;$v16
=852  \\$aAl Manhal FZLLC$j
=856  40$u

