=LDR  01863nam a2200409 i 4500
=003  AE-DuAMF
=005  20210215121917.7
=006  m    go  u        
=007  cr cn|||||||||
=008  210215s2021\\\\jo\a\\\go\\\\\000\0\tur\d
=020  \\$a9786055664497$c₺34,00 
=040  \\$aAE-DuAMF$beng$erda$cAE-DuAMF
=041  0\$atur
=044  \\$ctu
=050  00$aPN1993.5.T8
=082  04$a791.437
=084  \\$aPER004010$2bisacsh
=090  00$aPN1993.5.T8$bK57 2018
=245  0\$aKısa filmin öyküsü/$cderleyen ve editör: Sidar Serdar Karakaş, Yelda Başaran.
=264  \1$aİstanbul :$bEs Yayınları,$c2018.
=300  \\$a202 s. :$bill.. ;$c24 cm.
=336  \\$atext$2rdacontent
=337  \\$acomputer$2rdamedia
=338  \\$aonline resource$2rdacarrier
=490  1\$aEs Yayınları  ;$v91.$a Sinema tekniği  ;$v27.$a Kamera arkası  ;$v2.$a
=650  \0$aKısa filmler$z Türkiye
=650  \0$aShort films$zTurkey
=650  \0$aSinema$z Türkiye
=650  \0$aMotion pictures$zTurkey
=650  \7$aPERFORMING ARTS / Film & Video / Direction & Production.$2bisacsh
=700 1\$a Karakaş, Sidar Serdar,$d 1983-$e gleaner.
=700 1\$a Başaran, Yelda,$e gleaner.
=700 1\$a Demir, Hüseyin,$e cover designer.
=830  1\$aEs Yayınları  ;$v91.$a Sinema tekniği  ;$v27.$a Kamera arkası  ;$v2.$a
=852  \\$aAl Manhal FZLLC$j
=856  40$u

