=LDR  01863nam a2200409 i 4500
=003  AE-DuAMF
=005  20210215121917.7
=006  m    go  u        
=007  cr cn|||||||||
=008  210215s2021\\\\jo\a\\\go\\\\\000\0\tur\d
=020  \\$a975871659X$c₺18,00 
=040  \\$aAE-DuAMF$beng$erda$cAE-DuAMF
=041  0\$atur
=044  \\$ctu
=050  00$aPN1997.2
=082  04$a791.437
=084  \\$aPER004050$2bisacsh
=090  00$aPN1997.2$b.K630 2006
=245  0\$aKirazın Tadı :$b Ta'm-e Gilas Çekim Senaryosu :$bBir Abbas Kiyarüstemi Klasiği /$chazırlayan: Artun Yeres.
=264  \1$aİstanbul :$bEs Yayınları,$c2006.
=300  \\$a97 pages ;$c20 cm
=336  \\$atext$2rdacontent
=337  \\$acomputer$2rdamedia
=338  \\$aonline resource$2rdacarrier
=490  1\$aEs Yayınları: 43  ;$vSenaryo: 1.
=650  \0$aSinema
=650  \0$aMotion pictures
=650  \0$aSenaryolar
=650  \0$aScenarios
=650  \7$aPERFORMING ARTS / Film / ScreenwritingHistory.$2bisacsh
=700  1\$aYeres, Artun,$ehazırlayan
=830  1\$aEs Yayınları: 43  ;$vSenaryo: 1.
=852  \\$aAl Manhal FZLLC$j
=856  40$u

