=LDR  01863nam a2200409 i 4500
=003  AE-DuAMF
=005  20210215121917.7
=006  m    go  u        
=007  cr cn|||||||||
=008  210215s2021\\\\jo\a\\\go\\\\\000\0\tur\d
=020  \\$a9758716522$c₺30,00 
=040  \\$aAE-DuAMF$beng$erda$cAE-DuAMF
=041  0\$atur
=050  00$aPN1995.9.H6
=082  04$a791.44616
=084  \\$aPER017000$aPER004010$2bisacsh
=090  00$aPN1995.9.H6$bD46 2006
=100  1\$aDemirci, Tan Tolga.
=245  1\$aKorku Sinemasının Psikanalizi/$cTan Tolga Demirci ; Tan Tolga Demirci.
=264  \1$aİstanbul :$bEs Yayınları,$c2006.
=300  \\$a230 pages ;$c19,5 cm.
=336  \\$atext$2rdacontent
=337  \\$acomputer$2rdamedia
=338  \\$aonline resource$2rdacarrier
=490  0\$aEs Yayınları : 36.$aSinema Tekniği Film Kuramı : 4.$a
=500  \\$aKaynakça ve dizin vardır.
=650  \0$aKorku filmleri$x Tarih ve eleştiri
=650  \0$aHorror films$x Psychological aspects
=650  \7$aPERFORMING ARTS / Film & Video / Direction & Production.$2bisacsh
=830  0\$aEs Yayınları : 36.$aSinema Tekniği Film Kuramı : 4.$a
=852  \\$aAl Manhal FZLLC$j
=856  40$u

