=LDR  01863nam a2200409 i 4500
=003  AE-DuAMF
=005  20210215121917.7
=006  m    go  u        
=007  cr cn|||||||||
=008  210215s2021\\\\jo\a\\\go\\\\\000\0\tur\d
=020  \\$a9789758716838$c₺30,00 
=040  \\$aAE-DuAMF$beng$erda$cAE-DuAMF
=041  0\$atur
=044  \\$ctu
=050  00$aPN1995
=082  04$a791.4301
=084  \\$aPER004030$2bisacsh
=090  00$aPN1995$b.S373 2008
=100  1\$aSchrader, Paul.
=240  10$aTranscendental style in film : Ozu, Bresson, Dreyer$lTürkçe
=245  1\$aKutsalın görüntüsü :$bOzu, Bresson ve Dreyer sinemasına bir bakış =$bTranscendental style in film :$bOzu, Bresson, Dreyer/$cPaul Schrader ; çev. Zeliha Hepkon, Oya Şakı Aydın ; ed. Ala Sivas, Uğur Kutay.
=264  \1$aİstanbul :$bEs Yayınları,$c2008.
=300  \\$a201 s. ;$c20 cm.
=336  \\$atext$2rdacontent
=337  \\$acomputer$2rdamedia
=338  \\$aonline resource$2rdacarrier
=490  1\$aEs Yayınları  ;$v59.$aSinema Tekniği/Film Kuramı  ;$v8.
=650  \0$aOzu, Yasujiro, 1903-1963 -- Criticism and interpretation
=650  \0$aOzu, Yasujiro, 1903-1963 -- Eleştiri ve yorum
=650  \0$aBresson, Robert -- Criticism and interpretation
=650  \0$aBresson, Robert -- Eleştiri ve yorum
=650  \0$aDreyer, Carl Theodor, 1889-1968 -- Criticism and interpretation
=650  \0$aDreyer, Carl Theodor, 1889-1968 -- Eleştiri ve yorum
=650  \0$aMotion pictures -- Aesthetics
=650  \0$aSinema -- Estetik
=650  \7$aPERFORMING ARTS / Film / History & Criticism.$2bisacsh
=830  1\$aEs Yayınları  ;$v59.$aSinema Tekniği/Film Kuramı  ;$v8.
=852  \\$aAl Manhal FZLLC$j
=856  40$u

