=LDR  01863nam a2200409 i 4500
=003  AE-DuAMF
=005  20210215121917.7
=006  m    go  u        
=007  cr cn|||||||||
=008  210215s2021\\\\jo\a\\\go\\\\\000\0\tur\d
=020  \\$a9758716557$c₺28,00 
=040  \\$aAE-DuAMF$beng$erda$cAE-DuAMF
=041  0\$atur
=044  \\$ctu
=050  00$aPN1999.4.V57
=082  04$a791.43023309245
=084  \\$aPER017000$aPER004010$2bisacsh
=090  00$aPN1999.4.V57$bL87 2006
=240  10$lTürkçe
=245  0\$aLuchino Visconti /$cKlaus Geitel ... [ve bşk.] ; çeviren Füsun Ant.
=264  \1$aİstanbul :$bEs Yayınları,$c2006.
=300  \\$a 195 p. :$b ill. ;$c 20 cm.
=336  \\$atext$2rdacontent
=337  \\$acomputer$2rdamedia
=338  \\$aonline resource$2rdacarrier
=490  1\$aEs Yayınları ;$v41.$aYönetmenler Dizisi ;$v6
=500  \\$aÖzgün adı: Luschino Visconti.
=650  \0$aVisconti, Luchino, 1906-1976.
=650  \0$aMotion picture producers and directors$xItaly$xBiography.
=650  \7$aPERFORMING ARTS / Film & Video / Direction & Production.$2bisacsh
=700 1\$a Ant, çev. Füsun
=830  1\$aEs Yayınları ;$v41.$aYönetmenler Dizisi ;$v6
=852  \\$aAl Manhal FZLLC$j
=856  40$u

