=LDR  01863nam a2200409 i 4500
=003  AE-DuAMF
=005  20210215121917.7
=006  m    go  u        
=007  cr cn|||||||||
=008  210215s2021\\\\jo\a\\\go\\\\\000\0\tur\d
=020  \\$a9758716131$c ₺22,00 
=040  \\$aAE-DuAMF$beng$erda$cAE-DuAMF
=041  0\$atur
=044  \\$ctu
=050  00$aPN1994.7
=082  04$a791.437
=084  \\$aPER004030$2bisacsh
=090  00$aPN1994.7$b.Ö93 2004
=100  1\$aÖzdoğru, Pelin .
=245  1\$aMinimalizm ve sinema /$cPelin  Özdoğru.
=264  \1$aİstanbul :$bES Yayınları,$c2004.
=300  \\$a 109 s. :$b res. ;$c 21 cm.
=336  \\$atext$2rdacontent
=337  \\$acomputer$2rdamedia
=338  \\$aonline resource$2rdacarrier
=490  1\$aEs yayınları  ;$v7.$aSinemada Akımlar  ;$v1
=500  \\$aKaynakça var.
=650  \0$aMotion pictures.
=650  \0$aMinimal art.
=650  0\$a Cinema$x History
=650  \7$aPERFORMING ARTS / Film / History & Criticism.$2bisacsh
=830  1\$aEs yayınları  ;$v7.$aSinemada Akımlar  ;$v1
=852  \\$aAl Manhal FZLLC$j
=856  40$u

