=LDR  01863nam a2200409 i 4500
=003  AE-DuAMF
=005  20210215121917.7
=006  m    go  u        
=007  cr cn|||||||||
=008  210215s2021\\\\jo\a\\\go\\\\\000\0\tur\d
=020  \\$a9789758716876$c₺17,50 
=040  \\$aAE-DuAMF$beng$erda$cAE-DuAMF
=041  0\$atur$aeng
=044  \\$ctu
=050  00$aGT 3912$b.N48
=082  04$a751.73
=084  \\$aART058000$2bisacsh
=090  00$aGT 3912$b.N48  2004
=245  0\$aNew York ve sakız = New York & chewing gum/$ceditör Şinasi Güneş ; çeviren Aslı Tekin, Demet Özonur Gots..
=264  \1$aİstanbul:$bEs Yayınları,$c2004.
=300  \\$a61 s. :$bill. ;$c18 cm.
=336  \\$atext$2rdacontent
=337  \\$acomputer$2rdamedia
=338  \\$aonline resource$2rdacarrier
=490  1\$aArtes yayınları ;$v4.$pSanat Kitapları ;$v1.
=500  \\$aKaynakça.
=650  \0$aEnviromental Pollution--United States--New York.
=650  \0$aStreet Art--New York.
=650  \0$aÇevre Kirliliği--Birleşik Devletler--New York.
=650  \0$aSokak Sanatı--New York.
=650  \7$aART / Graffiti & Street Art.$2bisacsh
=830  0\$aArtes yayınları ;$v4.$pSanat Kitapları ;$v1..
=852  \\$aAl Manhal FZLLC$j
=856  40$u

