=LDR  01863nam a2200409 i 4500
=003  AE-DuAMF
=005  20210215121917.7
=006  m    go  u        
=007  cr cn|||||||||
=008  210215s2021\\\\jo\a\\\go\\\\\000\0\tur\d
=020  \\$a9789758716944$c₺32,00 
=040  \\$aAE-DuAMF$beng$erda$cAE-DuAMF
=041  0\$atur
=044  \\$ctu
=082  10$a791.43
=084  \\$aBIO005000$2bisacsh
=090  10$a791.43$bS47 2007
=100  1\$aSignoret, Simone..
=245  1\$aÖzlemin eski tadı yok/$cSimone. Signoret ; Simone Signoret ; çev.: Ayşe İnce  Kurşunlu.
=264  \1$aİstanbul :$bEs yayınları,$c2007.
=300  \\$a342 s.; 19 cm.
=336  \\$atext$2rdacontent
=337  \\$acomputer$2rdamedia
=338  \\$aonline resource$2rdacarrier
=490  1\$aEs yayınları ;$v54
=500  \\$aOrijinal eser adı : La nostalgie n'est plus ce qu'elle Etait.
=650  \0$aOyuncular Fransa Biyografya.
=650  \0$aSignoret, Simone, 1921-1985.
=650  \7$BIOGRAPHY & AUTOBIOGRAPHY / Entertainment & Performing Arts.$2bisacsh
=830  1\$aEs yayınları ;$v54
=852  \\$aAl Manhal FZLLC$j
=856  40$u

