=LDR  01863nam a2200409 i 4500
=003  AE-DuAMF
=005  20210215121917.7
=006  m    go  u        
=007  cr cn|||||||||
=008  210215s2021\\\\jo\a\\\go\\\\\000\0\tur\d
=020  \\$a978-605-5664-04-6$c₺32,00 
=040  \\$aAE-DuAMF$beng$erda$cAE-DuAMF
=041  0\$atur
=044  \\$ctu
=082  10$a708
=084  \\$aART006000$2bisacsh
=090  10$a708$bGün 2014
=100  1\$aGüneş, Şinasi.
=245  1\$aPosta sanatı/$cŞinasi Güneş ; çev. Özgen Yıldırım, Aslı Tekin.
=264  \1$aİstanbul :$bArtes Yayınları,$c2014.
=300  \\$a113 s. :$bill., fotoğ. ;$c18 cm.
=336  \\$atext$2rdacontent
=337  \\$acomputer$2rdamedia
=338  \\$aonline resource$2rdacarrier
=490  1\$aArtes Yayınları  ;$v6.$aSanat Kitapları  ;$v3
=650  \0$aGüzel  ve dekoratif sanatlar
=650  \0$aGalerileri, müzeleri, özel koleksiyonları
=650  \0$aPosta sanatı
=650  \7$aART / Collections, Catalogs, Exhibitions / General.$2bisacsh
=830  1\$aArtes Yayınları  ;$v6.$aSanat Kitapları  ;$v3
=852  \\$aAl Manhal FZLLC$j
=856  40$u

