=LDR  01863nam a2200409 i 4500
=001  83747129
=003  AE-DuAMF
=005  20210215121917.7
=006  m    go  u        
=007  cr cn|||||||||
=008  210215s2021\\\\jo\a\\\go\\\\\000\0\tur\d
=020  \\$a9758716603$c₺18,00 
=040  \\$aAE-DuAMF$beng$erda$cAE-DuAMF
=050  \\$aPN1997$b.R24 2006
=082  04$a791.4372
=084  \\$aPER004010$aaPER004050$2bisacsh
=100  1\$aKurosawa, Akira,$d1910-1998.
=245  10$aRashomon :$bçekim senaryosu /$cAkira Kurosawa ; hazırlayan Artun Yeres.
=260  \\$aİstanbul :$bEs Yayınları,$c2006.
=300  \\$a87 p. :$bill. ;$c20 cm.
=336  \\$atext$2rdacontent
=337  \\$acomputer$2rdamedia
=338  \\$aonline resource$2rdacarrier
=490  1\$aEs yayınları ;$v44.$asenaryo ;$v2
=500  \\$aBir Akira Kurosawa klasiği
=650  \0$aFeature films.
=650  \0$aFeature films$zJapan.
=650  \0$aForeign films.
=650  \7$aPERFORMING ARTS / Film & Video / Direction & Production.$2bisacsh
=700  1\$aAkutagawa, Ryūnosuke,$d1892-1927.$tRashōmon.
=700  1\$aYeres, Artun.
=830  \0$aEs yayınları.$pSenaryo ;$v2
=852  \\$aAl Manhal FZLLC$j
=856  40$u

