=LDR  01863nam a2200409 i 4500
=002  ocm62729893
=003  AE-DuAMF
=005  20210215121917.7
=006  m    go  u        
=007  cr cn|||||||||
=008  210215s2021\\\\jo\a\\\go\\\\\000\0\tur\d
=020  \\$a9758716476$c₺22,00 
=040  \\$aAE-DuAMF$beng$erda$cAE-DuAMF
=050  00$aHF5823$b.K83 2005
=082  04$a659.1
=084  \\$aSOC002000$2bisacsh
=100  1\$aKüçükerdoğan, G. Rengin.$4aut
=245  10$aReklam söylemi /$cG. Rengin Küçükerdoğan.
=264  \1$aİstanbul :$bEs Yayınları,$c2005.
=300  \\$a154 pages :$billustrations ;$c20 cm.
=336  \\$atext$2rdacontent
=337  \\$acomputer$2rdamedia
=338  \\$aonline resource$2rdacarrier
=490  1\$aEs Yayınları: 30.Görsel göstergebilim: 1
=504  \\$aIncludes bibliographical references (pages 146-154)
=650  \0$aAdvertising.
=650  \0$aVisual perception in advertising.
=650  \0$aAdvertising$xPsychological aspects.
=650  \0$aCommunication in Marketing.
=650  \7$aSOCIAL SCIENCE / Anthropology / General.$2bisacsh
=650  \7$aPERFORMING ARTS / Film & Video / Direction & Production.$2bisacsh
=830  \0$aEs Yayınları;$v30.
=830  \0$aEs Yayınları.$bGörsel göstegebilim ;$v1.
=852  \\$aAl Manhal FZLLC$j
=856  40$u

