=LDR  01863nam a2200409 i 4500
=003  AE-DuAMF
=005  20210215121917.7
=006  m    go  u        
=007  cr cn|||||||||
=008  210215s2021\\\\jo\a\\\go\\\\\000\0\tur\d
=020  \\$a9789758716944$c₺23,00 
=040  \\$aAE-DuAMF$beng$erda$cAE-DuAMF
=041  0\$atur
=044  \\$ctu
=050  00$aHF 6161 .I56$bK83
=082  04$a659.1
=084  \\$aPER010000$2bisacsh
=090  00$aHF 6161 .I56$bK83  2009
=100  1\$aKüçükerdoğan, G. Rengin.
=245  1\$aReklamda kültürlerarasılık :$breklam iletişiminde yerelküresel göstergeler/$cG. Rengin Küçükerdoğan.
=264  \1$aİstanbul:$bEs,$c2009.
=300  \\$a175 s. :$bftğ. ;$c20 cm..
=336  \\$atext$2rdacontent
=337  \\$acomputer$2rdamedia
=338  \\$aonline resource$2rdacarrier
=490  1\$aEs yayınları ;$v62.$pGörsel göstergebilim ;$v2.$p
=500  \\$aKaynakça.
=650  \0$aAdvertising.
=650  \0$aAdvertising$xInternational Business Enterprises.
=650  \0$aReklamcılık.
=650  \0$aReklamcılık$xUluslararası Ticari Girişimler.
=650  \7$aPERFORMING ARTS / Television / General.$2bisacsh
=830  0\$aEs yayınları ;$v62.$pGörsel göstergebilim ;$v2.$p.
=852  \\$aAl Manhal FZLLC$j
=856  40$u

