=LDR  01863nam a2200409 i 4500
=003  AE-DuAMF
=005  20210215121917.7
=006  m    go  u        
=007  cr cn|||||||||
=008  210215s2021\\\\jo\a\\\go\\\\\000\0\tur\d
=020  \\$a9758716530$c₺33,00 
=040  \\$aAE-DuAMF$beng$erda$cAE-DuAMF
=041  0\$atur
=044  \\$ctu
=050  00$aPN1995.6
=082  04$a791.43026
=084  \\$aPER004030$2bisacsh
=090  00$aPN1995.6$bS24 2006
=245  1\$aSakıncalı 100 film/$chazırlayan Artun Yeres.
=246  \\$aSakıncalı yüz film
=264  \1$aİstanbul :$bEs Yayınları,$c2006.
=300  \\$a298 s. :$bill. ;$c20 cm.
=336  \\$atext$2rdacontent
=337  \\$acomputer$2rdamedia
=338  \\$aonline resource$2rdacarrier
=490  1\$aEs Yaynları ;$v37.
=500  \\$aKaynakça var.
=650  \0$aSİNEMA FİLMLERİ$xTÜRKİYE
=650  \0$aSİNEMA$xSANSÜR
=650  \7$aPERFORMING ARTS / Film / History & Criticism.$2bisacsh
=700  1\$aYeres, hazırlayan Artun 
=830  1\$aEs Yaynları ;$v37.
=852  \\$aAl Manhal FZLLC$j
=856  40$u

