=LDR  01863nam a2200409 i 4500
=003  AE-DuAMF
=005  20210215121917.7
=006  m    go  u        
=007  cr cn|||||||||
=008  210215s2021\\\\jo\a\\\go\\\\\000\0\tur\d
=020  \\$a9786055664008$c₺30,00 
=040  \\$aAE-DuAMF$beng$erda$cAE-DuAMF
=041  0\$atur
=044  \\$ctu
=050  00$aN7480
=082  04$a701.18
=084  \\$aPER004030$2bisacsh
=090  00$aN7480$b.E77 2010
=100  1\$aErsoy, Ayla.
=245  1\$aSanat eleştirisi/$cAyla Ersoy.
=264  \1$aİstanbul :$bArtes Yayınları,$c2010.
=300  \\$a187 s. :$bill. ;$c21 cm.
=336  \\$atext$2rdacontent
=337  \\$acomputer$2rdamedia
=338  \\$aonline resource$2rdacarrier
=490  1\$aArtes Yayınları  ;$v7 
=500  \\$akaynakça var
=650  \0$aSanat$x Tarih
=650  \0$aArt$x History
=650  \0$aSanat eleştirisi$x Felsefe
=650  \0$aArt criticism$x Philosophy
=650  \7$aPERFORMING ARTS / Film / History & Criticism.$2bisacsh
=830  1\$aArtes Yayınları  ;$v7 
=852  \\$aAl Manhal FZLLC$j
=856  40$u

