=LDR  01863nam a2200409 i 4500
=003  AE-DuAMF
=005  20210215121917.7
=006  m    go  u        
=007  cr cn|||||||||
=008  210215s2021\\\\jo\a\\\go\\\\\000\0\tur\d
=020  \\$a9786055664268$c₺32,00 
=040  \\$aAE-DuAMF$beng$erda$cAE-DuAMF
=041  0\$atur
=044  \\$ctu
=050  00$aN5300
=082  04$a791.437
=084  \\$aART015000$2bisacsh
=090  00$aN5300$b.U88S26 2012
=100  1\$aÜstünipek, Mehmet.
=245  1\$aSanat tarihine giriş :$bbaşlangıcından onyedinci yüzyıla kadar/$cMehmet Üstünipek ; Şeyda Üstünipek.
=264  \1$aİstanbul :$bArtes ,$c2012.
=300  \\$a277 pages :$bill., şekil ;$c20 cm.
=336  \\$atext$2rdacontent
=337  \\$acomputer$2rdamedia
=338  \\$aonline resource$2rdacarrier
=490  1\$aArtes Yayınları  ;$v12
=502  \\$aKitap () -- Güzel Sanatlar Fakültesi Grafik Tasarımı Bölümü, İstanbul, 2012.
=650  \0$aSanat$xTarih
=650  \0$aArt$xHistory
=650  \7$aART / History / General.$2bisacsh
=830  1\$aArtes Yayınları  ;$v12
=852  \\$aAl Manhal FZLLC$j
=856  40$u

