=LDR  01863nam a2200409 i 4500
=003  AE-DuAMF
=005  20210215121917.7
=006  m    go  u        
=007  cr cn|||||||||
=008  210215s2021\\\\jo\a\\\go\\\\\000\0\tur\d
=020  \\$a9786055664510$c₺35,00 
=040  \\$aAE-DuAMF$beng$erda$cAE-DuAMF
=041  0\$atur
=050  00$aPN1995$b.S565 2019
=082  04$a792.9
=084  \\$aPER004030$2bisacsh
=245  00$aSınıfta film analizi 1 :$bsanat öğrencilerinden çözümleme örnekleri /$cyayına hazırlayan: Uğur Kutay.
=264  \1$aİstanbul :$bEs Yayınları,$c2019.
=264  \4$c©2019
=300  \\$a188 pages :$billustrations ;$c24 cm.
=336  \\$atext$2rdacontent
=337  \\$acomputer$2rdamedia
=338  \\$aonline resource$2rdacarrier
=490  1\$aEs Yayınları ;$v93.$aSinema Tekniği/Film Kuramı ;$v15
=650  \0$aSemiotics and motion pictures.
=650  \0$aFilm criticism.
=650  \0$aMotion pictures$xEvaluation.
=650  \7$aPERFORMING ARTS / Film / History & Criticism.$2bisacsh
=700  1\$aKutay, Uğur,$epreparer.
=830  \0$aEs Yayınları ;$v93.
=830  \0$aEs Yayınları.$pSinema Tekniği/Film Kuramı ;$v15.
=852  \\$aAl Manhal FZLLC$j
=856  40$u

