=LDR  01863nam a2200409 i 4500
=003  AE-DuAMF
=005  20210215121917.7
=006  m    go  u        
=007  cr cn|||||||||
=008  210215s2021\\\\jo\a\\\go\\\\\000\0\tur\d
=020  \\$a9786055664114$c₺32,00 
=040  \\$aAE-DuAMF$beng$erda$cAE-DuAMF
=041  0\$atur
=044  \\$ctu
=050  00$aPN1995
=082  04$a791.4361
=084  \\$aPER004030$2bisacsh
=090  00$aPN1995$b.K969 2011
=100  1\$aKuzgun, Yıldız.
=245  1\$aSinema yazıları :$bsinema -politik; Sosyo-Semiyoloji notları/$cYıldız Kuzgun.
=264  \1$aİstanbul :$bEs Yayınları,$c2011.
=300  \\$a304 pages :$bill. ;$c19 cm
=336  \\$atext$2rdacontent
=337  \\$acomputer$2rdamedia
=338  \\$aonline resource$2rdacarrier
=490  1\$aSinema yazıları ;$v2 
=650  \0$aSinema$xSiyasal yönleri
=650  \0$aMotion pictures$xPolitical aspects
=650  \0$aSinema$xSosyal yönleri
=650  \0$aMotion pictures$xSocial aspects
=650  \7$aPERFORMING ARTS / Film / History & Criticism.$2bisacsh
=830  1\$aSinema yazıları ;$v2 
=852  \\$aAl Manhal FZLLC$j
=856  40$u

