=LDR  01863nam a2200409 i 4500
=001  YBT0000000000002374
=003  AE-DuAMF
=005  20210215121917.7
=006  m    go  u        
=007  cr cn|||||||||
=008  210215s2021\\\\jo\a\\\go\\\\\000\0\tur\d
=020  \\$a9759788716654c$₺22,00 
=040  \\$aAE-DuAMF$beng$erda$cAE-DuAMF
=041  \\$aTUR
=082  04$a791.43 FAUs 2006
=084  \\$aPER004010$2bisacsh
=100  1\$aFaure, Elie
=245  10$aSinema sanatı /$cElie Faure ; derl. çev. Metin Gönen
=260  \\$aİstanbul :$bEs Yayınları ,$c2006.
=300  \\$a118 s.$bill ;$c20 cm.
=336  \\$atext$2rdacontent
=337  \\$acomputer$2rdamedia
=338  \\$aonline resource$2rdacarrier
=490  1\$aES Yayınları ;$v47.$aSinema tekniği Film Kuramı Dizisi ;$v5
=650  \4$aMotion picture$xPhilosophy
=650  \4$aSinema filmleri$xFelsefe
=650  \7$aPERFORMING ARTS / Film & Video / Direction & Production.$2bisacsh
=700  1\$aGönen, Metin,$ederl. çev.
=830  \0$aES Yayınları ;$v47.
=830  \0$aES Yayınları.$pSinema tekniği Film Kuramı Dizisi ;$v5.
=852  \\$aAl Manhal FZLLC$j
=856  40$u

