=LDR  01863nam a2200409 i 4500
=003  AE-DuAMF
=005  20210215121917.7
=006  m    go  u        
=007  cr cn|||||||||
=008  210215s2021\\\\jo\a\\\go\\\\\000\0\tur\d
=020  \\$a97587161105$c₺18,00 
=040  \\$aAE-DuAMF$beng$erda$cAE-DuAMF
=041  0\$atur
=044  \\$ctu
=050  00$aPN1994.2
=082  04$a791.437
=084  \\$aPER004000$2bisacsh
=090  00$aPN1994.2$bK97 2004
=100  1\$aKyrou, Ado.
=245  1\$aSinema seyircisinin el kitabı/$cAdo Kyrou ; çeviren Selçuk Taylaner.
=264  \1$aİstanbul :$bEs Yayınları,$c2004.
=300  \\$a97 pages :$bill., şekil ;$c20 cm.
=336  \\$atext$2rdacontent
=337  \\$acomputer$2rdamedia
=338  \\$aonline resource$2rdacarrier
=490  1\$aEs yayınları ;$v4
=650  \0$aMotion pictures$xSocial aspects
=650  \0$aSİNEMA FİLMLERİ
=650  \0$aSİNEMA$xEL KİTAPLARI
=650  \7$aPERFORMING ARTS / Film / General.$2bisacsh
=700  1\$aTaylaner, çeviren Selçuk 
=830  1\$aes yayınları ;$v4
=852  \\$aAl Manhal FZLLC$j
=856  40$u

