=LDR  01863nam a2200409 i 4500
=003  AE-DuAMF
=005  20210215121917.7
=006  m    go  u        
=007  cr cn|||||||||
=008  210215s2021\\\\jo\a\\\go\\\\\000\0\tur\d
=020  \\$a9754141762$c₺24,00 
=040  \\$aAE-DuAMF$beng$erda$cAE-DuAMF
=050  00$aPN1998.3$b.W34 2006
=082  04$a791.437
=084  \\$aBIO005000$aPER004010$2bisacsh
=100  1\$aWajda, Andrzej, 1926-.
=245  10$aSinema ve ben /$cAndrzej Wajda; çev. Füsun Ant.
=260  \\$aİstanbul :$bes Yayınları,$c2006.
=300  \\$a157 p. ;$c28 cm.
=336  \\$atext$2rdacontent
=337  \\$acomputer$2rdamedia
=338  \\$aonline resource$2rdacarrier
=440  \0$aEs Yayınları ;$v40.
=650  \0$aMotion Pictures$xProduction and direction.
=650  \0$aMotion Pictures Producers and Directors$xPoland$xBiography.
=650  \7$aPERFORMING ARTS / Film & Video / Direction & Production.$2bisacsh
=650  \7$aBIOGRAPHY & AUTOBIOGRAPHY / Entertainment & Performing Arts.$2bisacsh
=700  1\$aAnt, Füsun.
=852  \\$aAl Manhal FZLLC$j
=856  40$u

