=LDR  01863nam a2200409 i 4500
=003  AE-DuAMF
=005  20210215121917.7
=006  m    go  u        
=007  cr cn|||||||||
=008  210215s2021\\\\jo\a\\\go\\\\\000\0\tur\d
=020  \\$a9786055664411$c₺22,00 
=040  \\$aAE-DuAMF$beng$erda$cAE-DuAMF
=041  0\$atur
=050  00$aPN1998.3.E765$bY5 2017
=082  04$a791.430233092
=084  \\$aPER004010$aPER004030$2bisacsh
=100  1\$aYıldırım, Tunç,$d1982-$eauthor.
=245  10$aSinemacı ve tarihçi : Metin Erksan :$bDokuz Dağın Efesi'nde sosyal eşkiyalık meselesi /$cTunç Yıldırım ; kapak tasarımı Faruk Delice.
=246  30$aDokuz Dağın Efesi'nde sosyal eşkiyalık meselesi.
=246  30$aMetin Erksan.
=264  \1$aİstanbul :$bEs Yayınları,$c2017.
=300  \\$a100 pages :$bphotographs ;$c24 cm.
=336  \\$atext$2rdacontent
=337  \\$acomputer$2rdamedia
=338  \\$aonline resource$2rdacarrier
=490  1\$aEs Yayınları ;$v86.$aYönetmenler dizisi ;$v17
=504  \\$aIncludes bibliographical referefences (pages 73-78) and index.
=600  10$aErksan, Metin,$d1929-2012$xCriticism and interpretations.
=650  \0$aMotion picture producers and directors$zTurkey.
=650  \0$aOutlaws in motion pictures$zTurkey.
=650  \7$aPERFORMING ARTS / Film / History & Criticism.$2bisacsh
=650  \7$aPERFORMING ARTS / Film & Video / Direction & Production.$2bisacsh
=700  1\$aDelice, Faruk$ecover designer.
=830  \0$aEs Yayınları ;$v86.
=830  \0$aEs Yayınları.$pYönetmenler dizisi ;$v17.
=852  \\$aAl Manhal FZLLC$j
=856  40$u

