=LDR  01863nam a2200409 i 4500
=003  AE-DuAMF
=005  20210215121917.7
=006  m    go  u        
=007  cr cn|||||||||
=008  210215s2021\\\\jo\a\\\go\\\\\000\0\tur\d
=020  \\$a9789758716807$c₺45,00 
=040  \\$aAE-DuAMF$beng$erda$cAE-DuAMF
=041  \\$btur$erda$c
=050  \\$aPN 1992.8 .L5$bM55 2007
=082  04$a778.5
=084  \\$aPER017000$aPER004010$2bisacsh
=100  \\$aMillerson, Gerald
=245  1\$aSinema ve televizyon için aydınlatma tekniği /$cGerald Millerson ; Gerald Millerson ; çev. Selçuk Taylaner.
=260  \\$aİstanbul:$bEs Yayınları,$c2007
=300  \\$a480 s. :$bill., tbl. ;$c24 cm.
=336  \\$atext$2rdacontent
=337  \\$acomputer$2rdamedia
=338  \\$aonline resource$2rdacarrier
=440  \\$aEs Yayınları ;$v56.$pSinema tekniği ;$v18.
=650  \0$aTelevision$x Lighting
=650  \0$aCinematography$x Lighting
=650  \0$aCinematography.
=650  \0$aTelevizyon$x Aydınlatma
=650  \0$aSinematografi$x Aydınlatma
=650  \0$aSinematografi.
=650  \7$aPERFORMING ARTS / Film & Video / Direction & Production.$2bisacsh
=700 1\$a Taylaner, Selçuk,$e translator
=852  \\$aAl Manhal FZLLC$j
=856  40$u

