=LDR  01863nam a2200409 i 4500
=003  AE-DuAMF
=005  20210215121917.7
=006  m    go  u        
=007  cr cn|||||||||
=008  210215s2021\\\\jo\a\\\go\\\\\000\0\tur\d
=020  \\$a9758716409$c₺30,00 
=040  \\$aAE-DuAMF$beng$erda$cAE-DuAMF
=041  0\$atur
=044  \\$ctu
=050  00$aPN1995.9
=082  04$a791.437
=084  \\$aPER004000$2bisacsh
=090  00$aPN1995.9$b.A695A35 2005
=100  1\$aAdiloğlu, Fatoş.
=245  1\$aSinemada mimari açılımlar :$b"Halit Refiğ filmleri"/$cFatoş Adiloğlu.
=264  \1$aİstanbul :$bEs Yayınları,$c2005.
=300  \\$a225 s. :$bill., tabl. ;$c19 cm.
=336  \\$atext$2rdacontent
=337  \\$acomputer$2rdamedia
=338  \\$aonline resource$2rdacarrier
=490  1\$aEs Yaynları ;$vSinema tekniği ;$v15
=500  \\$aKaynakça var.
=505  \\$aİÇİNDEKİLER$xTeşekkürler
=650  \0$aMotion pictures$xSetting and scenery
=650  \0$aArchitecture in motion pictures
=650  \0$aRefiğ, Halit$y1934-
=650  \0$aSinema
=650  \0$aMimari, Sinemada
=650  \0$a Architecture in Motion Pictures.
=650  \7$aPERFORMING ARTS / Film / General.$2bisacsh
=830  1\$aEs Yaynları ;$vSinema tekniği ;$v15
=852  \\$aAl Manhal FZLLC$j
=856  40$u

