=LDR  01863nam a2200409 i 4500
=003  AE-DuAMF
=005  20210215121917.7
=006  m    go  u        
=007  cr cn|||||||||
=008  210215s2021\\\\jo\a\\\go\\\\\000\0\tur\d
=020  \\$a9789758716951$c₺20,00 
=020  \\$a9758716956
=040  \\$aAE-DuAMF$beng$erda$cAE-DuAMF
=050  \\$aTR 897$b.V37 2009
=082  04$a791.437
=084  \\$aPER004000$aMUS000000$2bisacsh
=100  \\$aVardar, Bülent
=245  1\$aSinemada ses ve müzik /$cBülent Vardar ; Bülent Vardar
=260  \\$aİstanbul:$bEs Yayınları,$c2009
=300  \\$a99 s. :$bill. ;$c24 cm.
=336  \\$atext$2rdacontent
=337  \\$acomputer$2rdamedia
=338  \\$aonline resource$2rdacarrier
=440  \\$aEs Yayınları ;$v63.$p Sinema Tekniği ;$v20 
=500  \\$aBibliyografik referanslar ve dizin içerir.$x
=650  \0$aSound motion pictures.
=650  \0$aMotion pictures$x Sound effects.
=650  \0$aSound motion pictures.
=650  \0$aMotion pictures$x Sound effects.
=650  \0$aSinema$x Montaj.
=650  \0$aSinema$x Hareketli resimler.
=650  \7$aPERFORMING ARTS / Film & Video / Direction & Production.$2bisacsh
=650  \7$aMUSIC / General$2bisacsh
=852  \\$aAl Manhal FZLLC$j
=856  40$u

