=LDR  01863nam a2200409 i 4500
=001  38811
=003  AE-DuAMF
=005  20210215121917.7
=006  m    go  u        
=007  cr cn|||||||||
=008  210215s2021\\\\jo\a\\\go\\\\\000\0\tur\d
=020  \\$a975871628X$c₺33,00 
=040  \\$aAE-DuAMF$beng$erda$cAE-DuAMF
=041  \\$atur
=050  \\$aPN1995.9.P7$bR37519 2004
=082  04$a791.437
=084  \\$aPER004000$2bisacsh
=090  00$aPN1995.9.P7R43$b 2004 c.2
=100  \\$aRea Peter W$9181971
=245  10$aSinema Ve Videoda Kısa Film :$b2.Cilt Yapım/$cPeter W. Rea, David K.Irving ;  Çeviren:Selçuk Taylaner .
=260  \\$aİstanbul:$bEs Yayınları,$c2004.
=300  \\$a199p.$c18cm.
=336  \\$atext$2rdacontent
=337  \\$acomputer$2rdamedia
=338  \\$aonline resource$2rdacarrier
=440  \\$aEs Yayınları ;$v18.
=490  \\$aSinema Tekniği Kitaplığı ;$v7.
=500  \\$aTranslation of :Producing and directing the short film and video 
=650  \\$aVideo recordings$9366728
=650  \\$aMotion pictures$xProduction and direction$9173111
=650  \0$aSinema
=650  \0$aMotion Pictures
=650  \0$aKısa Filmler
=650  \0$aShort Films
=650  \0$aBağımsız Filmler
=650  \0$aIndependent Films
=650  \7$aPERFORMING ARTS / Film & Video / Direction & Production.$2bisacsh
=700  1\$9182122$aTaylaner, Selçuk.
=700  1\$9182123$aIrving, David K.
=852  \\$aAl Manhal FZLLC$j
=856  40$u

