=LDR  01863nam a2200409 i 4500
=003  AE-DuAMF
=005  20210215121917.7
=006  m    go  u        
=007  cr cn|||||||||
=008  210215s2021\\\\jo\a\\\go\\\\\000\0\tur\d
=020  \\$a9758716298$c₺32,00 
=040  \\$aAE-DuAMF$beng$erda$cAE-DuAMF
=041  0\$atur
=044  \\$ctu
=050  00$aPN1995.9.P7R43
=082  04$a791.437
=084  \\$aPER004000$2bisacsh
=090  00$aPN1995.9.P7R43$b 2004 c.3
=100  1\$aRea, Peter W..
=245  1\$aSinema ve videoda :$bKısa film :$b3. cilt yapım sonrası/$cPeter W. Rea ; David K. Irving.
=264  \3$aİstanbul :$bEs Yayınları,$c2004.
=264  \4$c2004
=300  \\$a212 s. ;$c18 cm.
=336  \\$atext$2rdacontent
=337  \\$acomputer$2rdamedia
=338  \\$aonline resource$2rdacarrier
=490  0\$aEs Yayınları$v19,
=490  0\$aSinema tekniği kitaplığı$v8.
=500  \\$aKitap (Film) - Sinema ve videoda : Kısa film : III. cilt yapım sonrası, 2004.
=500  \\$aKaynakça: s. 203-212.
=500  \\$aEser Türkçedir.
=500  \\$aEser adı iç kapaktan alınmıştır.
=505  \\$aYapım sonrası$xYapım sonrası işlemleri$xYapım sonrası görüntü$xYapım sonrası ses$xLaboratuar$xDağıtım$xSenaryolar
=650  \0$aSinema
=650  \0$aMotion Pictures
=650  \0$aKısa Filmler
=650  \0$aShort Films
=650  \0$aBağımsız Filmler
=650  \0$aIndependent Films
=650  \0$aSinema Yapımcıları ve Yönetmenleri
=650  \0$aMotion Picture Producers and Directors
=650  \7$aPERFORMING ARTS / Film & Video / Direction & Production.$2bisacsh
=830  0\$a(Es Yayınları: 19), (Sinema tekniği kitaplığı: 8)
=852  \\$aAl Manhal FZLLC$j
=856  40$u

