=LDR  01863nam a2200409 i 4500
=003  AE-DuAMF
=005  20210215121917.7
=006  m    go  u        
=007  cr cn|||||||||
=008  210215s2021\\\\jo\a\\\go\\\\\000\0\tur\d
=020  \\$a9786055664220$c₺58,00 
=040  \\$aAE-DuAMF$beng$erda$cAE-DuAMF
=041  0\$atur
=044  \\$ctu
=050  00$aPN1995
=082  04$a791.4301
=084  \\$aPER004000$2bisacsh
=090  00$aPN1995$b.H336 2012
=100  1\$aHayward, Susan.
=245  1\$aSinemanın temel kavramları/$cSusan Hayward ; çev. Uğur Kutay, Metin Çavuş.
=264  \1$aİstanbul :$bEs Yayınları,$c2012.
=300  \\$a726 s. ;$c24 cm.
=336  \\$atext$2rdacontent
=337  \\$acomputer$2rdamedia
=338  \\$aonline resource$2rdacarrier
=490  1\$aEs Yayınları  ;$v73.$aSinema Tekniği  ;$v22 
=650  \0$aSinema.
=650  \0$asinema$x teknik.
=830  1\$aEs Yayınları  ;$v73.$aSinema Tekniği  ;$v22 
=650  \\$a Motion pictures$v Encyclopedias
=650  \\$a Cinematography$v Encyclopedias
=650  \7$aPERFORMING ARTS / Film / General.$2bisacsh
=852  \\$aAl Manhal FZLLC$j
=856  40$u

