=LDR  01863nam a2200409 i 4500
=003  AE-DuAMF
=005  20210215121917.7
=006  m    go  u        
=007  cr cn|||||||||
=008  210215s2021\\\\jo\a\\\go\\\\\000\0\tur\d
=020  \\$a9786055664503$c₺41,00 
=040  \\$aAE-DuAMF$beng$erda$cAE-DuAMF
=041  0\$atur
=050  00$aPN1995$b.S7319 2019
=082  04$a791.439561
=084  \\$aPER004010$2bisacsh
=100  1\$aStam, Robert,$eauthor.
=245  10$aSinemasal göstegebilim sözlüğü /$cRobert Stam, Robert Burgoyne, Sandy Flitterman-Lewis ; çeviren: Simten Gündeş.
=264  \1$aİstanbul :$bEs Yayınları,$c2019.
=300  \\$a285 pages ;$c24 cm.
=336  \\$atext$2rdacontent
=337  \\$acomputer$2rdamedia
=338  \\$aonline resource$2rdacarrier
=490  1\$aEs Yayınları ;$v92.$aGörsel Göstergebilim ;$v4
=504  \\$aIncludes bibliographical reference and index.
=520  \\$aSinemasal Göstergebilim Sözlüğü" öğretmenler ve öğrenciler için göstergebilimsel film kuramındaki çekinceli terimleri tanımlayan ve kavramların kullanımını inceleyerek gösteren bir yapıttır. Bu yapıt beş ana bölüme ayrılmıştır; her bölüm belli bir kavramlar bütününe ya da araştırma alanına özgüdür. Giriş bölümü " Göstergebilimin Doğuşu" "Sinema göstergebilimi" adlı ikinci bölüm "film dili" ve "metin çözümlemesi"yle ilgili) terimler ele alınmıştır. "Filmsel Anlatı" adlı üçüncü bölüm, anlatıbilimdeki gelişmeleri ele alır. Dördüncü bölüm, ruhçözümleme, sinemada ruhbilimsel göstergebilim konusuna odaklanarak ele alır. Beşinci bölümde "Gerçekçilikten Metinlerarasılığa" adlı başlıkla 1950'lerde gerçekçiliğin ilk vurgulanışından, 1970 ve 80'lerde söylem ve metnin öne çıkışına kadar alınan yol çizilir.
=650  \0$aSemiotics and motion pictures.
=650  \0$aSemiotics.
=650  \0$aSemiotics$xPsychological aspects$xMotion pictures.
=650  \7$aSOCIAL SCIENCE / Anthropology / General.$2bisacsh
=650  \7$aPERFORMING ARTS / Film & Video / Direction & Production.$2bisacsh
=700  1\$aBurgoyne, Robert,$eauthor.
=700  1\$aFlitterman-Lewis, Sandy,$eauthor.
=700  1\$aGündeş, Simten,$etranslator.
=830  \0$aEs Yayınları ;$v92.
=830  \0$aEs Yayınları.$pGörsel Göstergebilim ;$v4.
=852  \\$aAl Manhal FZLLC$j
=856  40$u

