=LDR  01863nam a2200409 i 4500
=001  1177959
=003  AE-DuAMF
=005  20210215121917.7
=006  m    go  u        
=007  cr cn|||||||||
=008  210215s2021\\\\jo\a\\\go\\\\\000\0\tur\d
=020  \\$a9789758716883
=040  \\$aAE-DuAMF$beng$erda$cAE-DuAMF
=041  \\$atur
=082  04$a751.73
=084  \\$aART058000$2bisacsh
=090  \\$a751.73 GÜN 2009
=100  1\$aGüneş, Şinasi
=245  10$aSokak sanatı /$cŞinasi Güneş.
=260  \\$aİstanbul :$bArtes,$c2009.
=300  \\$a231 s. :$bill., fotoğ. ;$c21 cm.
=336  \\$atext$2rdacontent
=337  \\$acomputer$2rdamedia
=338  \\$aonline resource$2rdacarrier
=490  1\$aArtes yayınları ;$v5.$aSanat kitapları ;$v2.
=650  \4$aGraffiti$zTurkey
=650  \4$aDuvar yazıları$zTürkiye
=650  \4$aStreet art
=650  \4$aSokak sanatı
=650  \7$aART / Graffiti & Street Art.$2bisacsh
=852  \\$aAl Manhal FZLLC$j
=856  40$u

