=LDR  01863nam a2200409 i 4500
=003  AE-DuAMF
=005  20210215121917.7
=006  m    go  u        
=007  cr cn|||||||||
=008  210215s2021\\\\jo\a\\\go\\\\\000\0\tur\d
=020  \\$a9789758716364$c₺18,00 
=040  \\$aAE-DuAMF$beng$erda$cAE-DuAMF
=041  0\$atur
=044  \\$ctu
=050  00$aTR800.Y3889
=082  04$a778.73
=084  \\$aPER004110$2bisacsh
=090  00$aTR800.Y3889$bS8358 2005
=100  1\$aYavuzdoğan, Tunç.
=245  1\$aSualtı görüntüleme teknikleri :$b(fotoğraf ve video çekimi)/$cTunç Yavuzdoğan ; Selen Yavuzdoğan.
=264  \1$aİstanbul :$bEs Yayınları,$c2005.
=300  \\$a105 s. :$bftğ., res. ;$c20 sm.
=336  \\$atext$2rdacontent
=337  \\$acomputer$2rdamedia
=338  \\$aonline resource$2rdacarrier
=490  1\$aEs Yayınları  ;$v26.$aSinema Tekniği  ;$v12.$aBaşlarken  ;$v3.
=650  \0$aDerin Dalış
=650  \0$aDeep Diving
=650  \0$aSualtı Araştırması
=650  \0$aUnderwater Exploration
=650  \0$aSualtı Fotoğrafçılığı$xEl Kitapları, Kılavuzlar, vb.
=650  \0$aUnderwater Photography$xHandbooks, Manuals, etc.
=650  \7$aPERFORMING ARTS / Film / Genres / Documentary.$2bisacsh
=700  1\$aYavuzdoğan, Selen 
=830  1\$aEs Yayınları  ;$v26.$aSinema Tekniği  ;$v12.$aBaşlarken  ;$v3.$a 
=852  \\$aAl Manhal FZLLC$j
=856  40$u

