=LDR  01863nam a2200409 i 4500
=003  AE-DuAMF
=005  20210215121917.7
=006  m    go  u        
=007  cr cn|||||||||
=008  210215s2021\\\\jo\a\\\go\\\\\000\0\tur\d
=020  \\$a9789758716814$c₺33,00 
=040  \\$aAE-DuAMF$beng$erda$cAE-DuAMF
=041  0\$atur
=044  \\$ctu
=050  00$aPN1992.55
=082  04$a791.450232
=084  \\$aPER017000$aPER004010$2bisacsh
=090  00$aPN1992.55$b.H37 2007
=100  1\$aHart, Colin.
=245  1\$aTelevizyon Program Yapımcılığı :$b"Bir Televizyon Yapımcısının Bilmesi Gereken Herşey"/$cColin Hart ; çev.:Vedat Tayyar Erdamar.
=264  \1$aİstanbul :$bEs Yayınları,$c2007.
=300  \\$a211 s. :$bill;$c24 cm.
=336  \\$atext$2rdacontent
=337  \\$acomputer$2rdamedia
=338  \\$aonline resource$2rdacarrier
=490  1\$aEs Yayınları  ;$v57.$a Sinema Tekniği  ;$v19.$a
=650  \0$aTelevision$xVocational guidance.
=650  \7$aPERFORMING ARTS / Film & Video / Direction & Production.$2bisacsh
=830  1\$aEs Yayınları  ;$v57.$a Sinema Tekniği  ;$v19.$a
=852  \\$aAl Manhal FZLLC$j
=856  40$u

