=LDR  01863nam a2200409 i 4500
=003  AE-DuAMF
=005  20210215121917.7
=006  m    go  u        
=007  cr cn|||||||||
=008  210215s2021\\\\jo\a\\\go\\\\\000\0\tur\d
=020  \\$a9789758716937$c₺28,00 
=040  \\$aAE-DuAMF$beng$erda$cAE-DuAMF
=041  0\$atur
=044  \\$ctu
=050  00$aPN1995.35
=082  04$a791.437
=084  \\$aPER004000$2bisacsh
=090  00$aPN1995.35$bL85 2008
=100  1\$aLüleci, Yalçın ,1976-.
=245  1\$aTürk sineması ve din/$cYalçın ,1976- Lüleci.
=264  \1$aİstanbul :$bEs Yayınları,$c2008.
=300  \\$a220 pages ;$c20 cm.
=336  \\$atext$2rdacontent
=337  \\$acomputer$2rdamedia
=338  \\$aonline resource$2rdacarrier
=490  1\$aEs yayınları ;$v61.$aTürk sineması ;$v8.
=500  \\$aKaynakça var.
=650  \0$aSinema$xDini açıdan
=650  \0$aSinema$xTürkiye$xTarih
=650  \0$aSinema ve din
=650  \0$aİslam dini$xSinema
=650  0\$a Religion in motion pictures
=650  \7$aPERFORMING ARTS / Film / General.$2bisacsh
=830  1\$aEs yayınları ;$v61.$aTürk sineması ;$v8.
=852  \\$aAl Manhal FZLLC$j
=856  40$u

