=LDR  01863nam a2200409 i 4500
=003  AE-DuAMF
=005  20210215121917.7
=006  m    go  u        
=007  cr cn|||||||||
=008  210215s2021\\\\jo\a\\\go\\\\\000\0\tur\d
=020  \\$a9786055664428$c₺35,00 
=040  \\$aAE-DuAMF$beng$erda$cAE-DuAMF
=041  0\$atur
=044  \\$ctu
=050  00$aPN 1995.9.P78
=082  04$a791.437
=084  \\$aPER004010$2bisacsh
=090  00$aPN 1995.9.P78$bS65 2018
=100  1\$aSolmuş, Tarık.
=245  1\$aTürk sinemasında psikoloji ve anormal davranışlar/$cTarık Solmuş.
=264  \1$aİstanbul:$bEs Yayınları,$c2018.
=300  \\$a281 pages :$bill.
=336  \\$atext$2rdacontent
=337  \\$acomputer$2rdamedia
=338  \\$aonline resource$2rdacarrier
=490  1\$aEs Yayınları ;$v85.$pSinema tekniği film kuramı ;$v14.
=500  \\$aKaynakça var.
=650  \0$aSinema_Psikolojik yönleri
=650  \0$aAnormallik, İnsanda
=650  \0$aMotion pictures_Psychological aspects
=650  \0$aAbnormalities, Human
=650  \7$aPERFORMING ARTS / Film & Video / Direction & Production.$2bisacsh
=830  0\$aEs Yayınları ;$v85.$pSinema tekniği film kuramı ;$v14.
=852  \\$aAl Manhal FZLLC$j
=856  40$u

