=LDR  01863nam a2200409 i 4500
=003  AE-DuAMF
=005  20210215121917.7
=006  m    go  u        
=007  cr cn|||||||||
=008  210215s2021\\\\jo\a\\\go\\\\\000\0\tur\d
=020  \\$a9786055664343$c₺40,00 
=040  \\$aAE-DuAMF$beng$erda$cAE-DuAMF
=041  0\$atur
=044  \\$ctu
=050  00$aPN1993.5.T9
=082  04$a791.4309561
=084  \\$aPER004030$2bisacs
=090  00$aPN1993.5.T9$bY55 2016
=100  1\$aYıldırım, Tunç.
=245  1\$aTürk sinemasının estetik tarihi  :$b  standart türlere giriş (1948-1959)/$cTunç Yıldırım ; Tunç Yıldırım.
=264  \1$a[İstanbul] :$bes,$c2016.
=300  \\$a248 s. :$bftğ. ;$c23 cm.
=336  \\$atext$2rdacontent
=337  \\$acomputer$2rdamedia
=338  \\$aonline resource$2rdacarrier
=490  1\$aes yayınları  ;$v81.$aSinema Tekniği Film Kuramı  ;$v12.$a
=650  \0$aCinema$xTurkey$xHistory
=650  \0$aSinema$xTürkiye$xTarih
=650  \7$aPERFORMING ARTS / Film / History & Criticism.$2bisacsh
=830  1\$aes yayınları  ;$v81.$aSinema Tekniği Film Kuramı  ;$v12.$a
=852  \\$aAl Manhal FZLLC$j
=856  40$u

