=LDR  01863nam a2200409 i 4500
=003  AE-DuAMF
=005  20210215121917.7
=006  m    go  u        
=007  cr cn|||||||||
=008  210215s2021\\\\jo\a\\\go\\\\\000\0\tur\d
=020  \\$a9758716174
=040  \\$aAE-DuAMF$beng$erda$cAE-DuAMF
=050  00$aPN1995.9.D6$bS87 2004
=082  04$a791.4309
=084  \\$aPER017000$aPER004010$2bisacsh
=100  1\$aSusar, A. Filiz.
=245  10$aTürkiye'de belgesel sinemacılar /$cA. Filiz Susar.
=260  \\$aİstanbul :$bEs Yayınları,$c2004.
=300  \\$a145 s. ;$c20 cm.
=336  \\$atext$2rdacontent
=337  \\$acomputer$2rdamedia
=338  \\$aonline resource$2rdacarrier
=490  1\$aEs Yayınları ;$v10.$aSinemada akımlar ;$v2.
=504  \\$aBibliyografya: s. 145.
=650  \0$aBelgesel filmler$zTürkiye$xTarih ve eleştiri.
=650  \0$aDocumentary films$zTurkey$xHistory and criticism.
=650  \0$aSinema yapımcıları ve yönetmenleri$zTürkiye$vBiyografi.
=650  \0$aMotion picture producers and directors$zTurkey$vBiography.
=650  \7$aPERFORMING ARTS / Film & Video / Direction & Production.$2bisacsh
=830  \0$aSinemada akımlar ;$v2.
=852  \\$aAl Manhal FZLLC$j
=856  40$u

