=LDR  01863nam a2200409 i 4500
=003  AE-DuAMF
=005  20210215121917.7
=006  m    go  u        
=007  cr cn|||||||||
=008  210215s2021\\\\jo\a\\\go\\\\\000\0\tur\d
=020  \\$a9786055664039$c₺33,00 
=040  \\$aAE-DuAMF$beng$erda$cAE-DuAMF
=041  0\$atur
=044  \\$ctu
=050  00$aTR850
=082  04$a791.43
=084  \\$aPER004010$2bisacsh
=090  00$aTR850$b.W44 2010
=100  1\$aWheeler, Paul.
=245  1\$aUygulamalı sinematografi/$cPaul Wheeler ; çeviren Selçuk Taylaner.
=264  \1$aİstanbul :$bEs Yayınları,$c2010.
=300  \\$a249 pages ;$ctablo şekil repages ;$c24 cm.
=336  \\$atext$2rdacontent
=337  \\$acomputer$2rdamedia
=338  \\$aonline resource$2rdacarrier
=490  1\$aEs Yayınları  ;$v56.$aSinema Tekniği  ;$v18
=502  \\$aKitap (Sinema) -- İletişim Fakültesi Sinema ve Televizyon Bölümü, İstanbul, 2010.
=650  \0$aSinematografiMotion picturestography
=650  \7$aPERFORMING ARTS / Film & Video / Direction & Production.$2bisacsh
=830  1\$aEs Yayınları  ;$v56.$aSinema Tekniği  ;$v18
=852  \\$aAl Manhal FZLLC$j
=856  40$u

