=LDR  01863nam a2200409 i 4500
=003  AE-DuAMF
=005  20210215121917.7
=006  m    go  u        
=007  cr cn|||||||||
=008  210215s2021\\\\jo\a\\\go\\\\\000\0\tur\d
=020  \\$a9789758716753$c₺45,00 
=040  \\$aAE-DuAMF$beng$erda$cAE-DuAMF
=041  0\$atur
=044  \\$ctu
=050  00$aPN1993.5.A35
=084  \\$aPER004030$2bisacsh
=090  00$aPN1993.5.A35$bÜ28 2007
=245  0\$aÜçüncü sinema ve üçüncü dünya sineması/$cDrl.: Esra Biryıldız, Zeynep Çetin-Erus.
=264  \1$aİstanbul :$bEs Yayınları,$c2007.
=300  \\$a432 s.
=336  \\$atext$2rdacontent
=337  \\$acomputer$2rdamedia
=338  \\$aonline resource$2rdacarrier
=490  1\$aEs Yayınları ;$v51.$aSinemada Akımlar ;$v4
=650  \0$aMotion pictures$xPolitical aspects.
=650  \0$aWorking class in motion pictures.
=650  \0$aMotion picture plays$xHistory and criticism.
=650  \7$aPERFORMING ARTS / Film / History & Criticism.$2bisacsh
=830  1\$aEs Yayınları ;$v51.$aSinemada Akımlar ;$v4
=852  \\$aAl Manhal FZLLC$j
=856  40$u

