=LDR  01863nam a2200409 i 4500
=003  AE-DuAMF
=005  20210215121917.7
=006  m    go  u        
=007  cr cn|||||||||
=008  210215s2021\\\\jo\a\\\go\\\\\000\0\tur\d
=020  \\$a9758716352$c₺20,00 
=040  \\$aAE-DuAMF$beng$erda$cAE-DuAMF
=041  0\$atur
=044  \\$ctu
=050  00$aTR891.5
=082  04$a791.43701
=084  \\$aPER017000$aPER004010$2bisacsh
=090  00$aTR891.5$b.K839 2005
=100  1\$aKüçükerdoğan, Bülent.
=245  1\$aVideo ve film kurgusuna giriş/$cBülent Küçükerdoğan ; Turhan Yavuz, İbrahim Zengin.
=264  \1$aİstanbul :$bEs Yayınları,$c2005.
=300  \\$a 119:$bill$c18 cm.
=336  \\$atext$2rdacontent
=337  \\$acomputer$2rdamedia
=338  \\$aonline resource$2rdacarrier
=490  1\$aEs yayınları  ;$v23.$aSinema tekniği  ;$v10.$aBaşlarken  ;$v1
=500  \\$aKaynakça var.
=650  \0$aMotion pictures$xEditing.
=650  \7$aPERFORMING ARTS / Film & Video / Direction & Production.$2bisacsh
=830  1\$aEs yayınları  ;$v23.$aSinema tekniği  ;$v10.$aBaşlarken  ;$v1
=852  \\$aAl Manhal FZLLC$j
=856  40$u

