=LDR  01863nam a2200409 i 4500
=003  AE-DuAMF
=005  20210215121917.7
=006  m    go  u        
=007  cr cn|||||||||
=008  210215s2021\\\\jo\a\\\go\\\\\000\0\tur\d
=020  \\$a9789758716746$c₺28,00 
=040  \\$aAE-DuAMF$beng$erda$cAE-DuAMF
=041  0\$atur
=050  00$aPN1998.3.I85
=082  04$a791.43028092561
=084  \\$aBIO005000$2bisacsh
=090  00$aPN1998.3.I85$bP67 2007
=100  1\$aPösteki, Nigar.
=245  1\$aYeşilçam'dan bir portre :$bAyhan Işık/$cNigar Pösteki.
=264  \1$aİstanbul :$bEs Yayınları,$c2007.
=300  \\$a205 s. :$bill. ;$c20 cm.
=336  \\$atext$2rdacontent
=337  \\$acomputer$2rdamedia
=338  \\$aonline resource$2rdacarrier
=490  1\$aEs yayınları  ;$v49.$aOyuncular dizisi  ;$v1.
=500  \\$aBibliyografya: s. 201-205. 
=650  \0$aIşık, Ayhan,1929-1979. 
=650  \0$aSinema$xBiyografi. 
=650  \0$aMotion pictures$xBiography. 
=650  \0$aAktörler$xTürkiye$xBiyografi. 
=650  \0$aActors$xTurkey$xBiography. 
=650  \7$BIOGRAPHY & AUTOBIOGRAPHY / Entertainment & Performing Arts.$2bisacsh
=830  1\$aEs yayınları  ;$v49.$aOyuncular dizisi  ;$v1.
=852  \\$aAl Manhal FZLLC$j
=856  40$u

