=LDR  01863nam a2200409 i 4500
=003  AE-DuAMF
=005  20210215121917.7
=006  m    go  u        
=007  cr cn|||||||||
=008  210215s2021\\\\jo\a\\\go\\\\\000\0\tur\d
=020  \\$a9758716484$c₺30,00 
=040  \\$aAE-DuAMF$beng$erda$cAE-DuAMF
=041  0\$atur
=044  \\$ctu
=050  00$aPN1998.2
=082  04$a791.0233092561
=084  \\$aPER004030$2bisacsh
=090  00$aPN1998.2$bT8P67 2005
=100  1\$aPösteki, Nigar.
=245  1\$aTürk sinemasına yeni bir bakış  :$b  yönetmen sineması/$cNigar Pösteki ; Nigar Pösteki.
=264  \1$aİstanbul :$bEs yayınları,$c2005.
=300  \\$a262 s. , res.
=336  \\$atext$2rdacontent
=337  \\$acomputer$2rdamedia
=338  \\$aonline resource$2rdacarrier
=490  1\$aEs Yayınları  ;$v34.$aTürk Sineması  ;$v6 
=650  \0$aSinema yapımcıları ve yönetmenleri$x Türkiye.   
=650  \0$aFilm kritiği$x Türkiye.  
=650  \0$aMotion picture producers and directors$x Turkey. 
=650  \0$aFilm criticism$x Turkey. 
=650  \7$aPERFORMING ARTS / Film / History & Criticism.$2bisacsh
=830  1\$aEs Yayınları  ;$v34.$aTürk Sineması  ;$v6 
=852  \\$aAl Manhal FZLLC$j
=856  40$u

