=LDR  01863nam a2200409 i 4500
=003  AE-DuAMF
=005  20210215121917.7
=006  m    go  u        
=007  cr cn|||||||||
=008  210215s2021\\\\jo\a\\\go\\\\\000\0\tur\d
=020  \\$a9786055899240$c₺20,97 
=040  \\$aAE-DuAMF$beng$erda$cAE-DuAMF
=041  \\$atur
=050  00$aH29.T9$bS59 2014
=082  04$a320.9561
=084  \\$aSOC000000$2bisacsh
=111  2\$aSiyasi İlimler Türk Derneği Lisansüstü Konferansı$n(8th :$c2011 :$cIstanbul, Turkey)$917197
=245  10$aGenç araştırmacılar tartışıyor :$b Siyasi İlimler Türk Derneği VIII. Lisansüstü Konferansı bildirileri seçkisi /$ceditör  Şule Kut, Hasret Dikici Bilgin, Zeynep Alemdar, Umut Azak.
=246  30$aSiyasi İlimler Türk Derneği VIII. Lisansüstü Konferansı bildirileri seçkisi.
=246  3\$aSİTD VIII. Lisansüstü Konferansı bildirileri seçkisi.
=260  \\$aİstanbul :$bOkan Üniversitesi Yayınları,$c2014.
=300  \\$a282 pages :$bill. ;$c24 cm.
=336  \\$atext$2rdacontent
=337  \\$acomputer$2rdamedia
=338  \\$aonline resource$2rdacarrier
=490  1\$aOkan Üniversitesi Yayınları ;$v26.
=504  \\$aIncludes bibliographical references.
=650  \0$aSocial sciences$zTurkey$vCongresses.
=650  \0$aSosyal bilimler$zTürkiye$vKongreler.
=650  \0$aGraduate students$zTurkey$vCongresses.
=650  \0$aMezun öğrenciler$zTürkiye$vKongreler.
=650  \0$aSocial policy$zTurkey$vCongresses.
=650  \0$aSosyal politika$zTürkiye$vKongreler.
=650  \7$aSOCIAL SCIENCE / General.$2bisacsh
=651  \0$aTurkey$xPolitics and government$vCongresses.
=651  \0$aTürkiye$xPolitika ve hükümet$vKongreler.
=700  1\$aKut, Şule.$4editor.
=700  1\$aBilgin, Hasret Dikici.$4editor.
=700  1\$aAlemdar, Zeynep.$4editor.
=700  1\$aAzak, Umut.$4editor.
=852  \\$aAl Manhal FZLLC$j
=856  40$u

