=LDR  01863nam a2200409 i 4500
=003  AE-DuAMF
=005  20210215121917.7
=006  m    go  u        
=007  cr cn|||||||||
=008  210215s2021\\\\jo\a\\\go\\\\\000\0\tur\d
=020  \\$a9786050007015
=040  \\$aAE-DuAMF$beng$erda$cAE-DuAMF
=041  \\$aeng
=082  04$a658.5
=084  \\$aBUS070100$2bisacsh
=099  \\$a2007/08723
=100  1\$aInternational Logistics & Supply Chain Cogress (5. : 2007 : Istanbul)1
=245  10$a5th International Logistics & Supply Chain Congress  :$blogistics bridges on supply chain Istanbul, 8 - 9 November 2007
=260  \\$aİstanbul :$bOkan Üniversitesi,$c2007.
=300  \\$a687 s. ;$c30 cm.
=336  \\$atext$2rdacontent
=337  \\$acomputer$2rdamedia
=338  \\$aonline resource$2rdacarrier
=490  0\$aOkan Üniversitesi yayınları ;$vno. 2
=650  00$aLojistik
=650  00$aTedarik Zinciri Yönetimi
=650  00$aSupply Chain Management
=650  00$aLogistics
=650  \7$aBUSINESS & ECONOMICS / Industries / Transportation.$2bisacsh
=852  \\$aAl Manhal FZLLC$j
=856  40$u

