=LDR  01863nam a2200409 i 4500
=001  207776
=003  AE-DuAMF
=005  20210215121917.7
=006  m    go  u        
=007  cr cn|||||||||
=008  210215s2021\\\\jo\a\\\go\\\\\000\0\tur\d
=009  00TUR0Y20CDR\\\200912082008mm
=020  \\$a9786055899004
=040  \\$aAE-DuAMF$beng$erda$cAE-DuAMF
=041  0\$atur
=082  04$a956.1024
=084  \\$aHIS055000$2bisacsh
=090  \\$aDR600 .5$b.K544 2008
=100  1\$aKılıç, Mehmet
=245  10$aUlusal bağımsızlık Savaşı ve Türk devrimi$h[elektronik kaynak] /$cMehmet Kılıç.
=250  \\$a1. bs.
=260  \\$aİstanbul :$bT.C. Okan Üniversitesi,$c2008.
=336  \\$atext$2rdacontent
=337  \\$acomputer$2rdamedia
=338  \\$aonline resource$2rdacarrier
=490  1\$aOkan Üniversitesi yayınları ; 3
=651  \4$aTürkiye$xTarih$xKurtuluş Savaşı, 1919-1923$xVeri tabanları
=650  \4$aAtatürkçülük$xVeri tabanları
=650  \7$aHISTORY / Middle East / Turkey & Ottoman Empire.$2bisacsh
=651  \4$aTürkiye$xSiyaset ve yönetim$y1919-1923$xVeri tabanları
=651  \4$aTürkiye$xSiyaset ve yönetim$y1923-1938$xVeri tabanları
=830  \0$aOkan Üniversitesi yayını$v; 3
=852  \\$aAl Manhal FZLLC$j
=856  40$u

