=LDR  01863nam a2200409 i 4500
=003  AE-DuAMF
=005  20210215121917.7
=006  m    go  u        
=007  cr cn|||||||||
=008  210215s2021\\\\jo\a\\\go\\\\\000\0\tur\d
=020  \\$a9786055899073$c₺33,75 
=040  \\$aAE-DuAMF$beng$erda$cAE-DuAMF
=041  0\$atur
=044  \\$ctu
=050  00$aTC160
=082  04$a627
=084  \\$aTEC031010$2bisacsh
=090  00$aTC160$b.B85 2009
=100  1\$aBulu, Atıl.
=245  1\$aSu mühendisliği el kitabı/$cAtıl Bulu.
=250  \\$a3. bs.
=264  \1$aİstanbul :$bOkan Üniversitesi,$c2009.
=300  \\$a210 s. :$bill.
=336  \\$atext$2rdacontent
=337  \\$acomputer$2rdamedia
=338  \\$aonline resource$2rdacarrier
=490  1\$aOkan Üniversitesi Yayınları  ;$v9.
=500  \\$aKaynakça ve dizin var.
=650  \0$aHydraulics.
=650  \0$aWater-supply.
=650  \7$aTECHNOLOGY & ENGINEERING / Power Resources / Alternative & Renewable.$2bisacsh
=830  1\$aOkan Üniversitesi Yayınları  ;$v9.
=852  \\$aAl Manhal FZLLC$j
=856  40$u

