=LDR  01863nam a2200409 i 4500
=001  78217
=003  AE-DuAMF
=005  20210215121917.7
=006  m    go  u        
=007  cr cn|||||||||
=008  210215s2021\\\\jo\a\\\go\\\\\000\0\tur\d
=009  00TUR0Y009956\\201106092010ma
=020  \\$a9786055899059
=040  \\$aAE-DuAMF$beng$erda$cAE-DuAMF
=041  0\$atur
=082  04$a956.1015
=084  \\$aHIS055000$2bisacsh
=090  \\$a956.1023$bK48s 2010
=100  1\$aKılıç, Mehmet,$d1950-
=245  10$aSavaş, çöküş ve mütareke yılları :$b(acı, hüzün, yokluk, çaresizlik ve ağıt dolu günler) /$cMehmet Kılıç
=260  \\$aİstanbul :$bOkan Üniversitesi,$c2010
=300  \\$a260 s. ;$c24 sm.
=336  \\$atext$2rdacontent
=337  \\$acomputer$2rdamedia
=338  \\$aonline resource$2rdacarrier
=500  \\$aDizin
=504  \\$aKaynakça : s.239-252.
=650  \7$aHISTORY / Middle East / Turkey & Ottoman Empire.$2bisacsh
=651  \0$aTürkiye$xTarih$xKurtuluş Savaşı, 1919-1923
=830  \0$aOkan Üniversitesi Yayınları$v8
=852  \\$aAl Manhal FZLLC$j
=856  40$u

