=LDR  01863nam a2200409 i 4500
=003  AE-DuAMF
=005  20210215121917.7
=006  m    go  u        
=007  cr cn|||||||||
=008  210215s2021\\\\jo\a\\\go\\\\\000\0\tur\d
=020  \\$a9786055899097$c₺47,00 
=040  \\$aAE-DuAMF$beng$erda$cAE-DuAMF
=041  0\$aeng
=044  \\$ctu
=050  00$aQA184
=082  04$a512.5
=084  \\$aMAT002050$2bisacsh
=090  00$aQA184$b.S48 2010
=100  1\$aShakhmurov, Veli.
=245  1\$aLinear algebra and applications/$cVeli Shakhmurov ; Veli Shakhmurov, Gökhan Uzgören.
=264  \1$aİstanbul :$bOkan Üniversitesi,$c2010.
=300  \\$axii, 522 s. ;$c24 cm.
=336  \\$atext$2rdacontent
=337  \\$acomputer$2rdamedia
=338  \\$aonline resource$2rdacarrier
=490  1\$aOkan Üniversitesi  ;$v12.
=500  \\$aKaynaklar. İndeks.
=650  \7$aMATHEMATICS / Algebra / Linear.$2bisacsh
=830  1\$aOkan Üniversitesi  ;$v12.
=852  \\$aAl Manhal FZLLC$j
=856  40$u

