=LDR  01863nam a2200409 i 4500
=003  AE-DuAMF
=005  20210215121917.7
=006  m    go  u        
=007  cr cn|||||||||
=008  210215s2021\\\\jo\a\\\go\\\\\000\0\tur\d
=020  \\$a9786055899066$c₺27,50 
=040  \\$aAE-DuAMF$beng$erda$cAE-DuAMF
=041  0\$atur
=044  \\$ctu
=050  00$aDR589
=082  04$a956.1023
=084  \\$aHIS055000$2bisacsh
=090  00$aDR589$bK55 2009
=100  1\$aKılıç, Mehmet.
=245  1\$aAmasya tamimi ve protokolü/$cMehmet Kılıç.
=250  \\$a3. bs.
=264  \1$aİstanbul :$bOkan Üniversitesi,$c2009.
=300  \\$a170 s. :$bill.
=336  \\$atext$2rdacontent
=337  \\$acomputer$2rdamedia
=338  \\$aonline resource$2rdacarrier
=490  1\$aOkan Üniversitesi yayınları  ;$v10
=500  \\$aKaynakçalar ve dizin var.
=650  \0$aTürkiye$xTarihi$xDevrim, 1918-1923
=650  \0$aAmasya (Türkiye)$xTarihi
=650  \0$aTurkey$xHistory$xRevolution, 1918-1923
=650  \0$aAmasya (Turkey)$xHistory
=650  \7$aHISTORY / Middle East / Turkey & Ottoman Empire.$2bisacsh
=830  1\$aOkan Üniversitesi yayınları  ;$v10
=852  \\$aAl Manhal FZLLC$j
=856  40$u

