=LDR  01863nam a2200409 i 4500
=003  AE-DuAMF
=005  20210215121917.7
=006  m    go  u        
=007  cr cn|||||||||
=008  210215s2021\\\\jo\a\\\go\\\\\000\0\tur\d
=020  \\$a9786050007008$c₺42,50 
=040  \\$aAE-DuAMF$beng$erda$cAE-DuAMF
=041  0\$atur
=044  \\$ctu
=050  00$aDR589.K5553
=082  04$a956.1024
=084  \\$aHIS055000$2bisacsh
=090  00$aDR589.K5553$bC8658 2007
=100  1\$aKılıç, Mehmet.
=245  1\$aCumhuriyet yolunun kilometre taşları/$cMehmet Kılıç.
=250  \\$aBirinci basım
=264  \1$aİstanbul :$bOkan Üniversitesi Yayınları,$c2007.
=300  \\$a372 s. :$bill. ;$c24 sm.
=336  \\$atext$2rdacontent
=337  \\$acomputer$2rdamedia
=338  \\$aonline resource$2rdacarrier
=500  \\$aBibliyografya ve dizin
=650  \0$aKurtuluş Savaşı, 1918-1923
=650  \0$aTurkey$xHistory$xRevolution, 1918-1923
=650  \0$aTürkiye$xSiyaset ve yönetim
=650  \0$aTurkey$xPolitics and government
=650  \7$aHISTORY / Middle East / Turkey & Ottoman Empire.$2bisacsh
=852  \\$aAl Manhal FZLLC$j
=856  40$u

