=LDR  01863nam a2200409 i 4500
=001  27945
=003  AE-DuAMF
=005  20210215121917.7
=006  m    go  u        
=007  cr cn|||||||||
=008  210215s2021\\\\jo\a\\\go\\\\\000\0\tur\d
=020  \\$a9786055899035$c₺25,00 
=040  \\$aAE-DuAMF$beng$erda$cAE-DuAMF
=041  0\$atur
=050  14$aTJ/163.2/YAR/2009
=082  04$a333.79
=084  \\$aTEC031010$2bisacsh
=090  \\$aTJ/163.2/YAR/2009
=100  1\$aYarman, Tolga.
=245  1\$aEnerji kaynakları$cTolga Yarman.
=264  \\$aİstanbul :$bOkan Üniversitesi,$c2009.
=300  \\$a80 p. :$bill. ;$c24 cm.
=336  \\$atext$2rdacontent
=337  \\$acomputer$2rdamedia
=338  \\$aonline resource$2rdacarrier
=410  \\$aOkan Üniversitesi yayınları ;$v6.
=505  0\$aGiriş ; Enerjinin kaynağı ; Elektrik enerjisi ; Enerji kaynaklarımız ; Klasik kaynaklar ; Nükleer enerji ; Alışılmamaış enerji kaynakları ; Dünya enerji sorunu : sonuç
=650  00$aEnerji kaynakları.
=650  00$aPower resources
=650  \7$aTECHNOLOGY & ENGINEERING / Power Resources / Alternative & Renewable.$2bisacsh.
=852  \\$aAl Manhal FZLLC$j
=856  40$u

