=LDR  01863nam a2200409 i 4500
=003  AE-DuAMF
=005  20210215121917.7
=006  m    go  u        
=007  cr cn|||||||||
=008  210215s2021\\\\jo\a\\\go\\\\\000\0\tur\d
=020  \\$a9786055899127$c₺35,00 
=040  \\$aAE-DuAMF$beng$erda$cAE-DuAMF
=041  0\$atur
=050  00$aTK9145
=082  04$a621.483
=084  \\$aTEC028000$2bisacsh
=090  00$aTK9145$bY37 2010
=100  1\$aYarman, Tolga.
=245  1\$aGeçmişte ve bugün nükleer enerji tartışması/$cTolga Yarman ; Tolga Yarman.
=264  \1$aİstanbul :$bOkan Üniversitesi,$c2010.
=300  \\$a261 s. :$bill. , hrt ;$c25 cm
=336  \\$atext$2rdacontent
=337  \\$acomputer$2rdamedia
=338  \\$aonline resource$2rdacarrier
=490  1\$aOkan Üniversitesi yayın no  ;$v14.$a
=650  \0$aNuclear energy
=650  \0$aNuclear accidents
=650  \0$aNükleer enerji
=650  \0$aNükleer kazalar
=650  \7$aTECHNOLOGY & ENGINEERING / Power Resources / Nuclear.$2bisacsh.
=700  1\$aYarman, Tolga 
=830  1\$aOkan Üniversitesi yayın no  ;$v14.$a
=852  \\$aAl Manhal FZLLC$j
=856  40$u

