=LDR  01863nam a2200409 i 4500
=003  AE-DuAMF
=005  20210215121917.7
=006  m    go  u        
=007  cr cn|||||||||
=008  210215s2021\\\\jo\a\\\go\\\\\000\0\tur\d
=020  \\$a9786055899042$c₺27,50 
=040  \\$aAE-DuAMF$beng$erda$cAE-DuAMF
=041  0\$atur
=044  \\$ctu
=050  00$aHD59
=082  04$a956.1015
=084  \\$aSOC000000$2bisacsh
=090  00$aHD59$b.A45 2009
=100  1\$aAlikişioğlu, Mehmet.
=245  1\$aHalkla ilişkiler :$bpazarlama yönlü bir yaklaşım/$cMehmet Alikişioğlu ; Mehmet Alikişioğlu.
=264  \1$aİstanbul :$bT.C.Okan Üniversitesi Yayınları,$c2009.
=300  \\$axii, 220 s. ;24 cm.
=336  \\$atext$2rdacontent
=337  \\$acomputer$2rdamedia
=338  \\$aonline resource$2rdacarrier
=490  1\$aT.C.Okan Üniversitesi Yayınları  ;$v7.$aUygulamalı Bilimler Yüksek Okulu
=650  \0$aHalkla ilişkiler  
=650  \0$a Public relations  
=650  \7$aSOCIAL SCIENCE / General.$2bisacsh
=830  1\$aT.C.Okan Üniversitesi Yayınları  ;$v7.$aUygulamalı Bilimler Yüksek Okulu
=852  \\$aAl Manhal FZLLC$j
=856  40$u

