=LDR  01863nam a2200409 i 4500
=003  AE-DuAMF
=005  20210215121917.7
=006  m    go  u        
=007  cr cn|||||||||
=008  210215s2021\\\\jo\a\\\go\\\\\000\0\tur\d
=020  \\$a9786055899116$c₺17,59 
=040  \\$aAE-DuAMF$beng$erda$cAE-DuAMF
=041  0\$atur
=044  \\$ctu
=050  00$aTK1081
=082  04$a621.312134
=084  \\$aTEC031010$2bisacsh
=090  00$aTK1081$b.B939 2010 k.3
=100  1\$aBulu, Atıl.  .
=245  1\$aHidroelektrik santrallerin tasarım ve hesap esasları/$cAtıl.   Bulu.
=264  \1$aİstanbul :$bOkan Üniversitesi Yayınları,$c2010.
=300  \\$a203 s. :res. ;24 cm. 
=336  \\$atext$2rdacontent
=337  \\$acomputer$2rdamedia
=338  \\$aonline resource$2rdacarrier
=490  1\$aOkan Üniversitesi yayınları ;15 
=500  \\$aKaynakça ve dizin vardır.
=650  \0$aHidroelektrik santraller. 
=650  \0$aHydroelectric power plants.  
=650  \0$aHidroelektrik santraller$xTasarım ve yapım. 
=650  \0$aHydroelectric power plants$xDesign and construction.  
=650  \7$aTECHNOLOGY & ENGINEERING / Power Resources / Alternative & Renewable.$2bisacsh.
=830  1\$aOkan Üniversitesi yayınları ;15 
=852  \\$aAl Manhal FZLLC$j
=856  40$u

