=LDR  01863nam a2200409 i 4500
=003  AE-DuAMF
=005  20210215121917.7
=006  m    go  u        
=007  cr cn|||||||||
=008  210215s2021\\\\jo\a\\\go\\\\\000\0\tur\d
=020  \\$a9786055899165$c ₺27,50 
=040  \\$aAE-DuAMF$beng$erda$cAE-DuAMF
=041  0\$atur
=044  \\$ctu
=050  00$aHD30.22
=082  04$a621.312134
=084  \\$aBUS041000$2bisacsh
=090  00$aHD30.22$b.E73513 2011
=100  1\$aErtuna, İbrahim Özer.
=245  1\$aManagerial economics/$cİbrahim Özer Ertuna ; İ. Özer Ertuna..
=250  \\$a1st ed.
=264  \1$aİstanbul :$bOkan Üniversitesi yayınları,$c2011.
=300  \\$av, 132 s. :$bill. ;$c24 cm.
=336  \\$atext$2rdacontent
=337  \\$acomputer$2rdamedia
=338  \\$aonline resource$2rdacarrier
=490  1\$aOkan üniversitesi  ;$v19  
=500  \\$aBibliyografya ve dizin var.
=650  \0$aYönetim ekonomisi.
=650  \0$aManagerial economics.
=650  \7$aBUSINESS & ECONOMICS / Management.$2bisacsh
=830  1\$aOkan üniversitesi  ;$v19  
=852  \\$aAl Manhal FZLLC$j
=856  40$u

