=LDR  01863nam a2200409 i 4500
=003  AE-DuAMF
=005  20210215121917.7
=006  m    go  u        
=007  cr cn|||||||||
=008  210215s2021\\\\jo\a\\\go\\\\\000\0\tur\d
=020  \\$a9786055899158$c₺42,50 
=040  \\$aAE-DuAMF$beng$erda$cAE-DuAMF
=041  0\$atur
=044  \\$ctu
=050  00$aKKX74
=082  04$a330.092
=084  \\$aLAW000000$2bisacsh
=090  00$aKKX74$b.K572 2011
=245  1\$aProf. Dr. Sadık Kırbaş'a armağan/$ceditörler Mustafa Koçak, Suat Teker..
=264  \1$aİstanbul :$bOkan Üniversitesi,$c2011.
=300  \\$axliv, 336 s. :$bill. ;$c24 cm.
=336  \\$atext$2rdacontent
=337  \\$acomputer$2rdamedia
=338  \\$aonline resource$2rdacarrier
=490  1\$aOkan Üniversitesi yayınları  ;$v18.
=500  \\$aBibliyografya var.
=650  \0$aKırbaş, Sadık, 1944- 
=650  \0$aHukukçular$xTürkiye.
=650  \0$aLawyers$xTurkey.
=650  \0$aHukuk$xAvrupa Birliği ülkeleri.
=650  \0$aHukuk$xToplanmış eserler.
=650  \0$aLaw$xAddresses, essays, lectures. 
=650  \0$aLaw$xTurkey
=650  \7$aLAW / General.$2bisacsh
=830  1\$aOkan Üniversitesi yayınları  ;$v18.
=852  \\$aAl Manhal FZLLC$j
=856  40$u

