=LDR  01863nam a2200409 i 4500
=003  AE-DuAMF
=005  20210215121917.7
=006  m    go  u        
=007  cr cn|||||||||
=008  210215s2021\\\\jo\a\\\go\\\\\000\0\tur\d
=020  \\$a9786055899011
=020  \\$a6055899011$c₺27,50 
=040  \\$aAE-DuAMF$beng$erda$cAE-DuAMF
=082  04$a658.4
=084  \\$aBUS041000$2bisacsh
=090  \\$aHD30.28$b.E788 2008
=100  1\$aErtuna, İbrahim Özer,$d1940-
=245  00$aStratejik yönetim /$cÖzer Ertuna.
=250  \\$a1st ed.
=260  \\$aİstanbul :$bOkan Üniversitesi,$c2008.
=300  \\$axii, 209 p. :$bill. ;$c24 cm.
=336  \\$atext$2rdacontent
=337  \\$acomputer$2rdamedia
=338  \\$aonline resource$2rdacarrier
=490  1\$aOkan Üniversitesi Yayınları ;$v4.$aİktisadi ve İdari Bilimler Fakültesi
=500  \\$aIncludes bibliographical references and index.
=650  \0$aStrategic planning.
=650  \0$aManagement.
=650  \7$aBUSINESS & ECONOMICS / Management.$2bisacsh
=830  \0$aOkan Üniversitesi Yayınları ;$vno. 4.
=852  \\$aAl Manhal FZLLC$j
=856  40$u

