=LDR  01863nam a2200409 i 4500
=003  AE-DuAMF
=005  20210215121917.7
=006  m    go  u        
=007  cr cn|||||||||
=008  210215s2021\\\\jo\a\\\go\\\\\000\0\tur\d
=020  \\$a9786055899028$c₺35,00 
=040  \\$aAE-DuAMF$beng$erda$cAE-DuAMF
=041  0\$aeng
=044  \\$ctu
=082  10$a327
=084  \\$aPOL011000$2bisacsh
=090  10$aDR477
=245  0\$aTurkey's place in Europe economic, political and cultural dimension /$cEditör: Erol Manisalı.
=250  \\$a2
=264  \1$aİstanbul :$bOkan Üniversitesi Yayınları,$c2011.
=300  \\$a224 s. 24 cm.
=336  \\$atext$2rdacontent
=337  \\$acomputer$2rdamedia
=338  \\$aonline resource$2rdacarrier
=650  \0$aToplum bilimleri
=650  \0$aSiyasal bilimler (Siyaset bilimi)
=650  \0$aUluslararası ilişkiler
=650  \7$aPOLITICAL SCIENCE / International Relations / General.$2bisacsh
=700  1\$aManisalı, Erol,$eEditör
=852  \\$aAl Manhal FZLLC$j
=856  40$u

