=LDR  01863nam a2200409 i 4500
=003  AE-DuAMF
=005  20210215121917.7
=006  m    go  u        
=007  cr cn|||||||||
=008  210215s2021\\\\jo\a\\\go\\\\\000\0\tur\d
=020  \\$a9786055899080$c₺40,00 
=040  \\$aAE-DuAMF$beng$erda$cAE-DuAMF
=041  0\$atur
=044  \\$ctu
=082  10$a658
=084  \\$aBUS041000$2bisacsh
=090  10$aHD30.22
=100  1\$aİ. Ertuna, Özer.
=245  1\$aYönetim Ekonomisi/$cÖzer İ. Ertuna.
=264  \1$aİstanbul :$bOkan Üniversitesi Yayınları,$c2011.
=300  \\$a332 s. 24 cm.
=336  \\$atext$2rdacontent
=337  \\$acomputer$2rdamedia
=338  \\$aonline resource$2rdacarrier
=440  0\$a Okan Üniversitesi yayınları ;$v 11.
=650  \0$aGenel yönetim
=650  \0$aOrganizasyon ve finansman
=650  \0$aMali yönetim
=650  0\$a Managerial economics.
=650  \7$aBUSINESS & ECONOMICS / Management.$2bisacsh
=852  \\$aAl Manhal FZLLC$j
=856  40$u

