=LDR  01863nam a2200409 i 4500
=003  AE-DuAMF
=005  20210215121917.7
=006  m    go  u        
=007  cr cn|||||||||
=008  210215s2021\\\\jo\a\\\go\\\\\000\0\tur\d
=020  \\$a9786055899134$c
=040  \\$aAE-DuAMF$beng$erda$cAE-DuAMF
=041  0\$atur
=044  \\$ctu
=082  04$a320.8
=084  \\$aBUS041000$2bisacsh
=090  10$JS6953.A2
=111  2\$a"Yerel Yönetim Anlayışında Yeni Yaklaşımlar" Sempozyumu (2010 : İstanbul)
=245  1\$a"Yerel yönetim anlayışında yeni yaklaşımlar" sempozyumu :$b16 Aralık 2010, İstanbul/$ced. Birol Alas ...[ve öte.].
=264  \1$aİstanbul :$bOkan Üniversitesi,$c2011.
=300  \\$a253 s. :$brnk. fotoğ. ;$c24 cm.
=336  \\$atext$2rdacontent
=337  \\$acomputer$2rdamedia
=338  \\$aonline resource$2rdacarrier
=490  1\$aOkan Üniversitesi Yayınları  ;$v16  
=650  \0$aYerel yönetimler -- Sempozyumlar 
=650  \7$aBUSINESS & ECONOMICS / Management.$2bisacsh
=700  1\$aöte.], ed. Birol Alas ...[ve 
=830  1\$aOkan Üniversitesi Yayınları  ;$v16  
=852  \\$aAl Manhal FZLLC$j
=856  40$u

