=LDR  01863nam a2200409 i 4500
=003  AE-DuAMF
=005  20210215121917.7
=006  m    go  u        
=007  cr cn|||||||||
=008  210215s2021\\\\jo\a\\\go\\\\\000\0\tur\d
=020  \\$a9786055899141
=040  \\$aAE-DuAMF$beng$erda$cAE-DuAMF
=041  0\$atur
=044  \\$ctu
=050  00$aHE3375
=082  04$a385.09561
=084  \\$aTRA004000$2bisacsh
=090  00$aHE3375$b.H59 2011 c.1
=245  0\$aHızlı Trenler ve Türkiyedeki Geleceği/$ceditörler: Suat Teker, Alper Camcı.
=246  \\$aSempozyum : Hızlı Trenler ve Türkiye'deki Geleceği Sempozyumu
=250  \\$a2. baskı.
=264  \1$aİstanbul :$bOkan Üniversitesi Yayınları,$c2011.
=300  \\$a121 s. :$bill. ;$c24 cm.
=336  \\$atext$2rdacontent
=337  \\$acomputer$2rdamedia
=338  \\$aonline resource$2rdacarrier
=490  1\$aOkan Üniversitesi yayınları ;$v17
=500  \\$aBibliyografya var.
=650  \0$aDemir yolları$xKongreler.$xTürkiye
=650  \0$aRailroads$xCongresses.$xTurkey
=650  \0$aHızlı trenler$xTürkiye.
=650  \0$aHigh speed trains$xTurkey.
=650  \7$aTRANSPORTATION / Railroads / General.$2bisacsh
=830  1\$aOkan Üniversitesi yayınları ;$v17
=852  \\$aAl Manhal FZLLC$j
=856  40$u

