=LDR  01863nam a2200409 i 4500
=003  AE-DuAMF
=005  20210215121917.7
=006  m    go  u        
=007  cr cn|||||||||
=008  210215s2021\\\\jo\a\\\go\\\\\000\0\tur\d
=020  \\$a9786055899172$c
=040  \\$aAE-DuAMF$beng$erda$cAE-DuAMF
=041  0\$atur
=044  \\$ctu
=050  00$aKKX4034
=082  04$a345.077
=084  \\$aLAW000000$2bisacsh
=090  00$aKKX4034$b.T87 2011
=245  1\$aTürk hukukunda ve karşılaştırmalı hukukta af sorunu sempozyumu  :$b   07 Aralık 2010/$cEditör: Serap Keskin-Kiziroğlu.
=264  \1$aİstanbul :$bOkan Üniversitesi,$c2011.
=300  \\$a133 s. ;$c24 cm
=336  \\$atext$2rdacontent
=337  \\$acomputer$2rdamedia
=338  \\$aonline resource$2rdacarrier
=490  1\$aOkan Üniversitesi Yayınları ;$v20.$a 
=650  \0$aAf$xTürkiye
=650  \7$aLAW / General.$2bisacsh
=700  1\$aKeskin-Kiziroğlu, Serap,$eEditör
=830  1\$aOkan Üniversitesi Yayınları ;$v20.$a 
=852  \\$aAl Manhal FZLLC$j
=856  40$u

