=LDR  01863nam a2200409 i 4500
=003  AE-DuAMF
=005  20210215121917.7
=006  m    go  u        
=007  cr cn|||||||||
=008  210215s2021\\\\jo\a\\\go\\\\\000\0\tur\d
=020  \\$a9786055899202
=040  \\$aAE-DuAMF$beng$erda$cAE-DuAMF
=041  0\$atur
=044  \\$ctu
=082  10$a388.3122
=084  \\$aTRA009000$2bisacsh
=090  10$a388.3122$bAKI [2013]
=111  2\$aAkıllı Ulaştırma Teknolojileri Çalıştayı (1. : 2011. : İstanbul)
=245  1\$aAkıllı ulaştırma teknolojileri çalıştayı :$bbirinci akıllı ulaştırma teknolojileri stratejisi/$ced. Nejat Tuncay, Orhan Alankuş, Başar Özkan.
=264  \1$aİstanbul :$bOkan Üniversitesi,$c[2013].
=300  \\$a150 s. :$bill., tbl., graf. ;$c24 cm.
=336  \\$atext$2rdacontent
=337  \\$acomputer$2rdamedia
=338  \\$aonline resource$2rdacarrier
=490  1\$aOkan Üniversitesi Yayınları  ;$v23
=650  \0$aKarayolu taşımacılığı -- Çalıştaylar
=650  \0$aAkıllı ulaştırma teknolojileri -- Çalıştaylar
=650  \7$aTRANSPORTATION / Public Transportation.$2bisacsh
=700  1\$aTuncay, ed. Nejat 
=700  1\$aAlankuş, Orhan 
=700  1\$aÖzkan, Başar 
=830  1\$aOkan Üniversitesi Yayınları  ;$v23
=852  \\$aAl Manhal FZLLC$j
=856  40$u

