=LDR  01863nam a2200409 i 4500
=003  AE-DuAMF
=005  20210215121917.7
=006  m    go  u        
=007  cr cn|||||||||
=008  210215s2021\\\\jo\a\\\go\\\\\000\0\tur\d
=020  \\$a9786055899196$c₺35,00 
=040  \\$aAE-DuAMF$beng$erda$cAE-DuAMF
=041  0\$atur
=044  \\$ctu
=050  00$aQC661
=082  04$a539.2
=084  \\$aTEC000000$2bisacsh
=090  00$aQC661$b.İ34 2012
=100  1\$aİdemen, M. Mithat.
=245  1\$aElektromagnetik dalgaların temelleri/$cM. Mithat İdemen ; Mithat İdemen.
=250  \\$a6. basım
=264  \1$aİstanbul :$bOkan Üniversitesi,$c2012.
=300  \\$aXII, 210 pages :$bşekil, şema ;$c24 cm.
=336  \\$atext$2rdacontent
=337  \\$acomputer$2rdamedia
=338  \\$aonline resource$2rdacarrier
=650  \0$aElectromagnetic waves
=650  \0$aElektromanyetik dalgalar
=650  \0$aElectromagnetic waves-Problems, exercises, etc.  Elektromanyetik dalgalar-Problemler, alıştırmalar, vb.
=650  \7$aTECHNOLOGY & ENGINEERING / General.$2bisacsh
=852  \\$aAl Manhal FZLLC$j
=856  40$u

