=LDR  01863nam a2200409 i 4500
=003  AE-DuAMF
=005  20210215121917.7
=006  m    go  u        
=007  cr cn|||||||||
=008  210215s2021\\\\jo\a\\\go\\\\\000\0\tur\d
=020  \\$a9786055899219$c₺55,00 
=040  \\$aAE-DuAMF$beng$erda$cAE-DuAMF
=041  0\$atur
=050  00$aQC665
=084  \\$aTEC000000$2bisacsh
=090  00$aQC665$bU94E44 2012
=100  1\$aUzgören, Gökhan.
=245  1\$aElektromagnetik Alan Teorisi :$bÇözümlü Problemler/$cGökhan Uzgören ; Alinur Büyükaksoy, Ali Alkumru.
=250  \\$a2. bs.
=264  \1$aİstanbul :$bOkan Üniversitesi Yayınları,$c2012.
=300  \\$a497 s. ;$c24 cm.
=336  \\$atext$2rdacontent
=337  \\$acomputer$2rdamedia
=338  \\$aonline resource$2rdacarrier
=490  0\$aOkan Üniversitesi Yayınları: 24.
=500  \\$aKaynakça ve dizin var.
=650  \0$aElektromagnetik Alanlar
=650  \0$aElectromagnetic fields
=650  \0$aElektromagnetik teorisi
=650  \0$aElectromagnetic theory 
=650  \0$aAlan Teorisi$x Elektromagnetik
=650  \0$aField theory$x Elektromagnetik
=650  \7$aTECHNOLOGY & ENGINEERING / General.$2bisacsh
=830  0\$aOkan Üniversitesi Yayınları: 24.
=852  \\$aAl Manhal FZLLC$j
=856  40$u

