=LDR  01863nam a2200409 i 4500
=003  AE-DuAMF
=005  20210215121917.7
=006  m    go  u        
=007  cr cn|||||||||
=008  210215s2021\\\\jo\a\\\go\\\\\000\0\tur\d
=020  \\$a9786055899189$c₺55,00 
=040  \\$aAE-DuAMF$beng$erda$cAE-DuAMF
=041  \\$atur
=050  14$aHD108.3$b.T87 2012
=082  04$a956.1015
=084  \\$aBUS070000$2bisacsh
=111  2\$aTürkiye'de Sürdürülebilir Arazi Yönetimi Çalıştayı$d(2011 :$cİstanbul)
=245  10$aTürkiye'de Sürdürülebilir Arazi Yönetimi Çalıştayı 26-27 Mayıs 2011 /$ceditör Nihat Enver Ülger, Tahsin Yomralıoğlu, Birol Alas.
=250  \\$a1. baskı.
=260  \\$aİstanbul :$bOkan Üniversitesi,$c2012.
=300  \\$a517 pages :$bill., harita, tablo ;$c25 cm.
=336  \\$atext$2rdacontent
=337  \\$acomputer$2rdamedia
=338  \\$aonline resource$2rdacarrier
=504  \\$aIncludes bibliographical references.
=650  \0$aArazi kullanımı$zTürkiye$vToplantılar.
=650  \0$aLand use$zTurkey$vMeetings.
=650  \7$aBUSINESS & ECONOMICS / Industries / General.$2bisacsh
=700  1\$aÜlger, Nihat Enver.$eeditor.
=700  1\$aYomralıoğlu, Tahsin.$eeditor.
=700  1\$aAlas, Birol.$eeditor
=710  2\$aOkan Üniversitesi
=852  \\$aAl Manhal FZLLC$j
=856  40$u

