=LDR  01863nam a2200409 i 4500
=003  AE-DuAMF
=005  20210215121917.7
=006  m    go  u        
=007  cr cn|||||||||
=008  210215s2021\\\\jo\a\\\go\\\\\000\0\tur\d
=020  \\$a9786055899233$c₺75,00 
=040  \\$aAE-DuAMF$beng$erda$cAE-DuAMF
=082  04$a956.1024
=084  \\$aHIS055000$2bisacsh
=090  \\$aDR589$b.K554 2013
=100  1\$aKılıç, Mehmet.$4aut
=245  10$aCumhuriyet'in kuruluşu ve bir milletin aydınlanması /$cYrd. Doç. Dr. Mehmet Kılıç.
=250  \\$a1. Basım: Eylül 2013.
=264  \1$aİstanbul :$bOkan Üniversitesi,$c2013. 
=300  \\$axxvii,  828 pages ;$c24 cm.
=336  \\$atext$2rdacontent
=337  \\$acomputer$2rdamedia
=338  \\$aonline resource$2rdacarrier
=490  1\$aOkan Üniversitesi Yayınları No: 25
=504  \\$aIncludes bibliographical references (pages 813-828)
=600  10$aAtatürk, Mustafa Kemal,$d1881-1938.
=650  \7$aHISTORY / Middle East / Turkey & Ottoman Empire.$2bisacsh
=651  \0$aTurkey$xHistory$y1918-1923.
=651  \0$aTurkey$xHistory$y1923-
=651  \0$aTurkey$xHistory$yRevolution, 1918-1923.
=651  \0$aTurkey$xHistory$yOttoman Empire, 19th century.
=830  \0$aOkan Üniversitesi Yayınları ;$vno. 25.
=852  \\$aAl Manhal FZLLC$j
=856  40$u

