=LDR  01863nam a2200409 i 4500
=001  ocm000708963
=003  AE-DuAMF
=005  20210215121917.7
=006  m    go  u        
=008  210215s2021\\\\jo\a\\\go\\\\\000\0\tur\d
=007  cr cn|||||||||
=020  \\$a9786055899103
=035  \\$a708963$b(N{dollar}T)
=040  \\$aAE-DuAMF$beng$erda$cAE-DuAMF
=041  0\$a tur
=072  \7$aEDU$x056000$2bisacsh
=082  04$a378.1543$bMES 2010
=084  \\$aEDU$x056000$2bisacsh
=245  10$aMeslek yüksekokullarının iş dünyasına entegrasyonu ve istihdam politikalarına katkısı sempozyum: 15 Mayıs 2010$h[electronic resource] /$ced. Bilge Nur Katipoğlu, Hüseyin Mert
=260  \\$aİstanbul :$bOkan Üniversitesi Yayınları,$c2010
=300  \\$a 173, [6] s. :$b şkl. , tbl. , grf. , fotog. ;$c24 cm.
=336  \\$atext$2rdacontent
=337  \\$acomputer$2rdamedia
=338  \\$aonline resource$2rdacarrier
=650  \4$aEğitim
=650  \4$aEducation
=650  \0$aMesleki eğitim$x Türkiye
=650  \0$aTeknik eğitim$x Türkiye
=650  \0$aVocational education$x Turkey
=650  \0$aTechnical education$x Turkey
=650  \7$aEDUCATION / Vocational$2bisacsh
=655  \4$aElectronic books
=700  1\$aKatipoğlu, Bilge Nur
=700  1\$aMert, Hüseyin
=852  \\$aAl Manhal FZLLC$j
=856  40$u

