=LDR  01863nam a2200409 i 4500
=003  AE-DuAMF
=005  20210215121917.7
=006  m    go  u        
=007  cr cn|||||||||
=008  210215s2021\\\\jo\a\\\go\\\\\000\0\tur\d
=020  \\$a9786055899318$c₺40,00 
=040  \\$aAE-DuAMF$beng$erda$cAE-DuAMF
=041  \\$atur
=050  00$aJS6953$b.Y47 2014
=082  04$a352
=084  \\$aBUS041000$2bisacsh
=111  2\$aYerel Yönetim Anlayışında Yeni Yaklaşımlar Sempozyumu$n(2. :$d2013  :$cİstanbul)
=245  10$a2. Yerel yönetim anlayışında yeni yaklaşımlar sempozyumu, 11 Nisan 2013 /$ceditör Seda H. Bostancı, Oya Sancar.
=260  \\$aİstanbul :$bOkan Üniversitesi Yayını,$c2014.
=300  \\$axii, 283 pages :$bill. ;$c24 cm.
=336  \\$atext$2rdacontent
=337  \\$acomputer$2rdamedia
=338  \\$aonline resource$2rdacarrier
=530  \\$aKarton kapak.
=650  \0$aKentsel yenileme.
=650  \0$aUrban renovation
=650  \0$aYerel yönetim.$
=650  \0$aLocal government.
=650  \0$aSosyal belediyecilik.
=650  \0$aSocial municipality
=650  \7$aBUSINESS & ECONOMICS / Management.$2bisacsh
=700  1\$a Bostancı, Seda H.,$eeditor.
=700  1\$aSancar, Oya,$eeditor
=700  1\$aKahriman, Ali,$eeditor.
=852  \\$aAl Manhal FZLLC$j
=856  40$u

