=LDR  01863nam a2200409 i 4500
=003  AE-DuAMF
=005  20210215121917.7
=006  m    go  u        
=007  cr cn|||||||||
=008  210215s2021\\\\jo\a\\\go\\\\\000\0\tur\d
=020  \\$a9786055899295$c₺60,00 
=040  \\$aAE-DuAMF$beng$erda$cAE-DuAMF
=041  0\$atur
=044  \\$ctu
=050  00$aQA184
=082  04$a512.5
=084  \\$aMAT002050$2bisacsh
=090  00$aQA184$bS131 2014 k.2
=100  1\$aŞahmurov, Veli.
=245  1\$aModern lineer cebir ve uygulamaları/$cVeli Şahmurov ; Gökhan Uzgören.
=264  \1$aİstanbul :$bOkan Üniversitesi,$c2014.
=300  \\$axi, 616 s. :$bşkl. ;$c24 cm.
=336  \\$atext$2rdacontent
=337  \\$acomputer$2rdamedia
=338  \\$aonline resource$2rdacarrier
=500  \\$aKaynakça var.
=650  \0$aDoğrusal Cebir
=650  \0$aMatrisler teorisi
=650  \0$aLinear dönüşümler
=650  \0$aAlgebras, Linear
=650  \0$aMatrix theory
=650  \0$aLinear transformations
=650  \7$aMATHEMATICS / Algebra / Linear.$2bisacsh
=852  \\$aAl Manhal FZLLC$j
=856  40$u

