=LDR  01863nam a2200409 i 4500
=003  AE-DuAMF
=005  20210215121917.7
=006  m    go  u        
=007  cr cn|||||||||
=008  210215s2021\\\\jo\a\\\go\\\\\000\0\tur\d
=020  \\$a9786055899301$c₺30,00 
=040  \\$aAE-DuAMF$beng$erda$cAE-DuAMF
=041  0\$atur
=044  \\$ctu
=082  04$a613.2
=084  \\$aHEA048000$2bisacsh
=050  00$aTX911.3.S3$bT67
=090  10$a613.2$bT67 2014
=245  1\$aToplu beslenme servisi (TBS) yapılan kurumlar için sağlıklı beslenme rehberi/$ceditör: Türkan Kutluay Merdol.
=264  \1$aİstanbul :$bOkan Üniversitesi,$c2014.
=300  \\$a377 pages :$bill., şekil ;$c24 cm.
=336  \\$atext$2rdacontent
=337  \\$acomputer$2rdamedia
=338  \\$aonline resource$2rdacarrier
=500  \\$aBibliyografya var.
=650  \0$aBesin hizmeti yönetimi
=650  \0$aBesin hizmeti
=650  \0$aFood service management
=650  \0$aFood service
=650  \0$aBeslenme
=650  \0$aNutrition
=650  \7$aHEALTH & FITNESS / Diet & Nutrition / General.$2bisacsh
=700  1\$aMerdol, Türkan Kutluay,$eeditör
=852  \\$aAl Manhal FZLLC$j
=856  40$u

