=LDR  01863nam a2200409 i 4500
=003  AE-DuAMF
=005  20210215121917.7
=006  m    go  u        
=007  cr cn|||||||||
=008  210215s2021\\\\jo\a\\\go\\\\\000\0\tur\d
=020  \\$a9786055899257
=040  \\$aAE-DuAMF$beng$erda$cAE-DuAMF
=041  0\$atur
=044  \\$ctu
=082  04$a658.848
=084  \\$aBUS043030$2bisacsh
=090  00$aHF1008
=100  1\$aGüngör, Leman Aksoy.
=245  1\$aUluslararası Pazarlama/$cLeman Aksoy Güngör
=264  \1$aİstanbul :$bOkan Üniversitesi Yayınları,$c2014.
=336  \\$atext$2rdacontent
=337  \\$acomputer$2rdamedia
=338  \\$aonline resource$2rdacarrier
=490  1\$aOkan Üniversitesi Yayınları;
=650  \0$aMarketing
=650  \0$aInternational Marketing
=650  \7$aBUSINESS & ECONOMICS / International / Marketing.$2bisacsh
=852  \\$aAl Manhal FZLLC$j
=856  40$u

