=LDR  01863nam a2200409 i 4500
=003  AE-DuAMF
=005  20210215121917.7
=006  m    go  u        
=007  cr cn|||||||||
=008  210215s2021\\\\jo\a\\\go\\\\\000\0\tur\d
=020  \\$a9786055899264
=040  \\$aAE-DuAMF$beng$erda$cAE-DuAMF
=041  0\$atur
=050  00$aHC492
=082  04$a658.848
=084  \\$aPOL024000$2bisacsh
=090  00$aHC492$b.S66 2014
=245  1\$aSon on beş yılda Türkiye ekonomisi/$ceditörler Burhan Can Karahasan, Fırat Bilgel, Aylin Soydan.
=264  \1$aİstanbul :$bOkan Üniversitesi,$c2014.
=300  \\$a228 s. :$billustrations, maps ;$c24 cm
=336  \\$atext$2rdacontent
=337  \\$acomputer$2rdamedia
=338  \\$aonline resource$2rdacarrier
=500  \\$aKaynaça var.
=650  \0$aGlobalization$xEconomics aspects$xTurkey
=650  \0$aRegional economic disparities$xTurkey
=650  \0$aEnergy policy$xTurkey$y21st century.
=650  \0$aTurkey$xEconomic policy$y21st century.
=650  \7$aPOLITICAL SCIENCE / Public Policy / Economic Policy.$2bisacsh
=852  \\$aAl Manhal FZLLC$j
=856  40$u

