=LDR  01863nam a2200409 i 4500
=003  AE-DuAMF
=005  20210215121917.7
=006  m    go  u        
=007  cr cn|||||||||
=008  210215s2021\\\\jo\a\\\go\\\\\000\0\tur\d
=020  \\$a9786055899288
=040  \\$aAE-DuAMF$beng$erda$cAE-DuAMF
=041  \\$atur
=050  00$aPL28.A515$bU48 2014
=082  04$a810
=084  \\$aLIT004220$2bisacsh
=111  2\$aUluslararası Türkçe ve Türk edebiyatları sempozyumu$d(2013 :$cİstanbul, Turkey)$910114
=245  00$aUluslararası Türkçe ve Türk edebiyatları sempozyumu :$bbildiriler /$ceditör Halide Gamze İnce Yakar, Feyyaz Sağlam.
=260  \\$aİstanbul :$bOkan Üniversitesi,$c2014.
=300  \\$a225 pages ;$c24 cm.
=336  \\$atext$2rdacontent
=337  \\$acomputer$2rdamedia
=338  \\$aonline resource$2rdacarrier
=650  \0$aTürk edebiyatı$vKongreler.$910115
=650  \0$aTurkic literature$vCongresses.$910116
=650  \7$aLITERARY CRITICISM / Middle Eastern.$2bisacsh
=700  1\$aYakar, Halide Gamze İnce.$910117
=700  1\$aSağlam, Feyyaz.$910118
=710  2\$aOkan Üniversitesi.$910119
=852  \\$aAl Manhal FZLLC$j
=856  40$u

