=LDR  01863nam a2200409 i 4500
=003  AE-DuAMF
=005  20210215121917.7
=006  m    go  u        
=007  cr cn|||||||||
=008  210215s2021\\\\jo\a\\\go\\\\\000\0\tur\d
=020  \\$a9786055899332$c₺35,00 
=040  \\$aAE-DuAMF$beng$erda$cAE-DuAMF
=082  04$a956.101
=084  \\$aHIS055000$2bisacsh
=090  \\$aD568.3$b.K454 2015
=100  1\$aKılıç, Mehmet,$d1950-$4aut
=245  10$aBütün yönleriyle destanlaşan Çanakkale 1915 :$b(cumhuriyete uzanan sürecin başlama noktası) (100. yılı anısına) /$cDr. Mehmet Kılıç.
=246  3\$aÇanakkale 1915
=250  \\$aBirinci Basım: 2015
=264  \1$aİstanbul :$bOkan Üniversitesi,$c2015.
=300  \\$a230 pages :$bmaps ;$c24 cm.
=336  \\$atext$2rdacontent
=337  \\$acomputer$2rdamedia
=338  \\$aonline resource$2rdacarrier
=490  1\$aOkan Üniversitesi
=504  \\$aIncludes bibliographical references.
=650  \0$aWorld war, 1914-1918$xCampaigns$zTurkey$zGallipoli Peninsula.
=650  \0$aÇanakkale Battles,$d1915-1916.
=650  \7$aHISTORY / Middle East / Turkey & Ottoman Empire.$2bisacsh
=651  \0$aGallipoli Peninsula (Turkey)$xHistory.
=830  \0$aOkan Üniversitesi yayınları
=852  \\$aAl Manhal FZLLC$j
=856  40$u

