=LDR  01863nam a2200409 i 4500
=003  AE-DuAMF
=005  20210215121917.7
=006  m    go  u        
=007  cr cn|||||||||
=008  210215s2021\\\\jo\a\\\go\\\\\000\0\tur\d
=020  \\$a9786055899349$c₺42,50 
=040  \\$aAE-DuAMF$beng$erda$cAE-DuAMF
=041  0\$atur
=044  \\$ctu
=050  00$aQA371
=082  04$a515.35
=084  \\$aMAT00700010$2bisacsh
=090  00$aQA371$b.U94 2015 c.4
=100  1\$aUzgören, Gökhan..
=245  1\$aDiferansiyel Denklemler Ders Notu/$cGökhan. Uzgören ; Gökhan Uzgören, Alinur Büyükaksoy..
=264  \1$aİstanbul :$bOkan Üniversitesi Yayınları,$c2015.
=300  \\$a408 p. :$bill. ;$c24 cm.
=336  \\$atext$2rdacontent
=337  \\$acomputer$2rdamedia
=338  \\$aonline resource$2rdacarrier
=500  \\$aIncludes bibliographical references and index.
=650  \0$aDifferential equations.
=650  \0$aDiferansiyel denklemler.
=650  \7$aMATHEMATICS / Differential Equations / General.$2bisacsh
=700  1\$aUzgören, Gökhan 
=700  1\$aBüyükaksoy., Alinur 
=852  \\$aAl Manhal FZLLC$j
=856  40$u

