=LDR  01863nam a2200409 i 4500
=003  AE-DuAMF
=005  20210215121917.7
=006  m    go  u        
=007  cr cn|||||||||
=008  210215s2021\\\\jo\a\\\go\\\\\000\0\tur\d
=020  \\$a9786055899356$c₺35,00 
=040  \\$aAE-DuAMF$beng$erda$cAE-DuAMF
=041  0\$atur
=044  \\$ctu
=050  00$aTA340
=082  04$a956.1015
=084  \\$aPER004010$2bisacsh
=090  00$aTA340$b.B858 2015
=100  1\$aBulu, Atıl.
=245  1\$aMühendisler için istatistik problemleri/$cAtıl Bulu ; Selim Dündar.
=264  \1$aİstanbul :$bOkan Üniversitesi Yayınları,$c2015.
=300  \\$ai, 306 pages :$bşekil, tablo ;$c24 cm.
=336  \\$atext$2rdacontent
=337  \\$acomputer$2rdamedia
=338  \\$aonline resource$2rdacarrier
=500  \\$aKaynakça s. 303-304.
=500  \\$aDizin s. 305-306.
=650  \0$aMühendislik$xİstatistiksel yöntemler.
=650  \0$aOlasılık teorisi.
=650  \0$aFrekans analizi.
=650  \0$aİstatistiksel hipotez.
=650  \0$aRegresyon analizi.
=650  \0$aEngineering$xStatistical methods.
=650  \0$aProbability theory.
=650  \0$aFrequency analysis.
=650  \0$aStatistical hypothesis.
=650  \0$aRegression analysis.
=650  \7$aPERFORMING ARTS / Film & Video / Direction & Production.$2bisacsh
=700  1\$aDündar, Selim 
=852  \\$aAl Manhal FZLLC$j
=856  40$u

