=LDR  01863nam a2200409 i 4500
=003  AE-DuAMF
=005  20210215121917.7
=006  m    go  u        
=007  cr cn|||||||||
=008  210215s2021\\\\jo\a\\\go\\\\\000\0\tur\d
=020  \\$a9786055899271$c₺35,00 
=040  \\$aAE-DuAMF$beng$erda$cAE-DuAMF
=041  0\$atur
=044  \\$ctu
=050  00$aRA969.9
=082  04$a362.1
=084  \\$aMED002000$2bisacsh
=090  00$aRA969.9$b.S24 2014 1
=245  0\$aSağlık sektöründe iş sağlığı ve güvenliği riskleri :$bönleme ve doğru uygulama rehberi/$ceditör Mithat Kıyak ; çevirenler Selden Cosşun, Zeynep Duygu Kıyak.
=250  \\$a2.edition.
=264  \1$aİstanbul :$bOkan Üniversitesi Yayınları,$c2014.
=300  \\$a335 pages :$bcolor illustrations ;$c24 cm.
=336  \\$atext$2rdacontent
=337  \\$acomputer$2rdamedia
=338  \\$aonline resource$2rdacarrier
=500  \\$aIncludes bibliographical references.
=650  \0$aHospitals$xSafety measures.
=650  \0$aHealth facilities$xSafety measures.
=650  \0$aMedical errors$xPrevention.
=650  \0$aIndustrial safety.
=650  \0$aIndustrial hygiene.
=650  \0$aOccupational diseases.
=650  \7$aMEDICAL / Administration.$2bisacsh
=700  1\$aKıyak, editör Mithat 
=700  1\$aCosşun, çevirenler Selden 
=700  1\$aKıyak, Zeynep Duygu 
=852  \\$aAl Manhal FZLLC$j
=856  40$u

