=LDR  01863nam a2200409 i 4500
=003  AE-DuAMF
=005  20210215121917.7
=006  m    go  u        
=007  cr cn|||||||||
=008  210215s2021\\\\jo\a\\\go\\\\\000\0\tur\d
=020  \\$a9786055899325$c₺148,00 
=040  \\$aAE-DuAMF$beng$erda$cAE-DuAMF
=041  \\$atur
=050  00$aTK7867.5$b.S48 2015
=082  04$a621.3
=084  \\$aTEC008010$2bisacsh
=100  1\$aSevgi, Levent.
=245  10$aTasarımdan  piyasaya elektromanyetik uyumluluk:$b(EMC) /$cLevent Sevgi.
=260  \\$aİstanbul :$bOkan Üniversitesi,$c2015.
=300  \\$aviii, 313 p.:$bill.;$c24 cm.
=336  \\$atext$2rdacontent
=337  \\$acomputer$2rdamedia
=338  \\$aonline resource$2rdacarrier
=440  \0$aOkan  Üniversitesi Yayınları ;$v34.
=504  \\$aIncludes bibliographical references (p. 305-306) and index.
=590  \\$aNCC gift copy's donated by Aselsan.
=650  \0$aElectromagnetic compatibility.
=650  \0$aElectronic circuits$xNoise.
=650  \7$aTECHNOLOGY & ENGINEERING / Electronics / Circuits / General.$2bisacsh
=710  2\$aOkan Üniversitesi.
=852  \\$aAl Manhal FZLLC$j
=856  40$u

