=LDR  01863nam a2200409 i 4500
=003  AE-DuAMF
=005  20210215121917.7
=006  m    go  u        
=007  cr cn|||||||||
=008  210215s2021\\\\jo\a\\\go\\\\\000\0\tur\d
=020  \\$a9786055899387$c₺40,00 
=040  \\$aAE-DuAMF$beng$erda$cAE-DuAMF
=041  0\$atur
=050  00$aNX565A1
=082  04$a700.1
=084  \\$aART059000$2bisacsh
=090  00$aNX565A1$b.C343 2016
=245  0\$aÇağdaş sanat konuşmaları/$cyazarlar Hüsamettin Koçan, Johen Proehl, Fırat Arapoğlu, Bilent Vardar, Burcu Pelvanoğlu, Can Aytekin, Burçak Evren, Ayşe Köksal, Osman Erden, Emre Zeytinoğlu, Ebru Yetişkin, Bige Örer ; editör Nusret Polat.
=264  \1$aİstanbul :$bOkan Üniversitesi Yayınları,$c2016.
=300  \\$a208 s. :$bill.. ;$c20 cm.
=336  \\$atext$2rdacontent
=337  \\$acomputer$2rdamedia
=338  \\$aonline resource$2rdacarrier
=500  \\$aKaynakça sayfa sonlarındadır.
=650  \0$aSanat$xEleştiri ve yorum.
=650  \0$aMüzeler.
=650  \0$aTürk sineması$xDeğişim.
=650  \0$aİstanbul bienalleri.
=650  \0$aArt$xCriticism and comments.
=650  \0$aMuseums.
=650  \0$aTurkish cinema$x Change.
=650  \0$aIstanbul biennials.
=650  \7$aART / Museum Studies.$2bisacsh
=852  \\$aAl Manhal FZLLC$j
=856  40$u

