=LDR  01863nam a2200409 i 4500
=003  AE-DuAMF
=005  20210215121917.7
=006  m    go  u        
=007  cr cn|||||||||
=008  210215s2021\\\\jo\a\\\go\\\\\000\0\tur\d
=020  \\$a9786055899370$c₺35,00 
=040  \\$aAE-DuAMF$beng$erda$cAE-DuAMF
=041  0\$aeng
=050  00$aTC145
=082  04$a628.1
=084  \\$aTEC031010$2bisacsh
=090  00$aTC145$b.B858 2016
=100  1\$aBulu, Atıl.
=245  1\$aHandbook of water engineering/$cAtıl Bulu.
=264  \1$aİstanbul :$bOkan Üniversitesi Yayınları,$c2016.
=300  \\$a228 s. ;$c24 cm.
=336  \\$atext$2rdacontent
=337  \\$acomputer$2rdamedia
=338  \\$aonline resource$2rdacarrier
=500  \\$aBibliography p. 224-225.
=500  \\$aIndex p. 226-228
=650  \0$aEngineering$xHandbooks.
=650  \0$aWater engineering.
=650  \0$aHydraulic engineering.
=650  \0$aHydrology.
=650  \7$aTECHNOLOGY & ENGINEERING / Power Resources / Alternative & Renewable.$2bisacsh.
=852  \\$aAl Manhal FZLLC$j
=856  40$u

