=LDR  01863nam a2200409 i 4500
=003  AE-DuAMF
=005  20210215121917.7
=006  m    go  u        
=007  cr cn|||||||||
=008  210215s2021\\\\jo\a\\\go\\\\\000\0\tur\d
=020  \\$a9786055899394$c₺30,00 
=040  \\$aAE-DuAMF$beng$erda$cAE-DuAMF
=041  \\$atur
=050  14$aQC981.8.G56$bK87 2017
=082  04$a338.92
=084  \\$aNAT000000$2bisacsh
=100  1\$aPala, Aynur.
=245  10$aKüresel ısınma ve alınan önlemler :$bgıda-petrol fiyatları ilşkisini değiştirdi mi? : kısa ve uzun dönem grander nedensellik analizi /$cAynur Pala.
=246  30$aGıda-petrol fiyatları ilşkisini değiştirdi mi?
=246  30$aKısa ve uzun dönem grander nedensellik analizi.
=250  \\$a1. baskı.
=260  \\$aİstanbul :$bOkan Üniversitesi Yayınları,$c2017.
=300  \\$a80 pages :$bşekil, tablo ;$c25 cm.
=336  \\$atext$2rdacontent
=337  \\$acomputer$2rdamedia
=338  \\$aonline resource$2rdacarrier
=504  \\$aincludes bibliographical references.
=650  0\$aKüresel ısınma$xÖnleme.
=650  0\$aGlobal warming$xPrevention.
=650  0\$aPetrol.
=650  0\$aFossil oil.
=650  \7$aPERFORMING ARTS / Film / History & Criticism.$2bisacsh
=852  \\$aAl Manhal FZLLC$j
=856  40$u

