=LDR  01863nam a2200409 i 4500
=003  AE-DuAMF
=005  20210215121917.7
=006  m    go  u        
=007  cr cn|||||||||
=008  210215s2021\\\\jo\a\\\go\\\\\000\0\tur\d
=020  \\$a9786055899424$c₺32,50 
=040  \\$aAE-DuAMF$beng$erda$cAE-DuAMF
=041  0\$atur
=044  \\$ctu
=050  00$aHG4655.M8692
=082  04$a332.6
=084  \\$aBUS017000$2bisacsh
=090  00$aHG4655.M8692$bS4762 2017
=100  1\$aMünyas, Turgay.
=245  1\$aSermaye piyasası araçları :$byeni düzenlemeler çerçevesinde sermaye piyasası araçları/$cTurgay Münyas.
=250  \\$aBirinci basım
=264  \1$aİstanbul :$bOkan Üniversitesi Yayınları,$c2017.
=300  \\$a134 s. :$bill. ;$c25 sm.
=336  \\$atext$2rdacontent
=337  \\$acomputer$2rdamedia
=338  \\$aonline resource$2rdacarrier
=500  \\$aBibliyografya
=650  \0$aSermaye piyasası
=650  \0$aCapital market
=650  \0$aSermaye piyasası araçları
=650  \0$aCapital market instruments
=650  \0$aTahviller
=650  \0$aBonds
=650  \0$aPaylar$xPay çeşitleri
=650  \0$aShares$xTypes of shares
=650  \0$aBonolar
=650  \0$aBills
=650  \7$aBUSINESS & ECONOMICS / Corporate Finance / General.$2bisacsh
=852  \\$aAl Manhal FZLLC$j
=856  40$u

