=LDR  01863nam a2200409 i 4500
=003  AE-DuAMF
=005  20210215121917.7
=006  m    go  u        
=007  cr cn|||||||||
=008  210215s2021\\\\jo\a\\\go\\\\\000\0\tur\d
=020  \\$a9786055899226$c₺35,00 
=040  \\$aAE-DuAMF$beng$erda$cAE-DuAMF
=041  0\$atur$aeng
=050  00$aHD60.5T9
=082  04$a362.04
=084  \\$aBUS025000$2bisacsh
=090  00$aHD60.5T9$b.Y868 2013
=100  1\$aYunus, Muhammed.
=245  1\$a"Türkiye'de sosyal problemlerin çözümünde sosyal işletmecilik ve dünyadaki örnekler"/$cMuhammed Yunus ; Editör Ezgi Yıldırım Saatçi ; çeviri Burcu Tekaüt Çal.
=264  \1$aİstanbul :$bOkan Üniversitesi Yayınları,$c2013.
=300  \\$a100 s. :$bill.. ;$c24 cm.
=336  \\$atext$2rdacontent
=337  \\$acomputer$2rdamedia
=338  \\$aonline resource$2rdacarrier
=650  \0$aSosyal problemler.
=650  \0$aSosyal işletmecilik.
=650  \0$aMikrofinans.
=650  \0$aSosyal girişimcilik.
=650  \0$aSocial problems.
=650  \0$aSocial business.
=650  \0$aMicrofinance.
=650  \0$aSocial entrepreneurship.
=650  \7$aBUSINESS & ECONOMICS / Entrepreneurship.$2bisacsh
=852  \\$aAl Manhal FZLLC$j
=856  40$u

