=LDR  01863nam a2200409 i 4500
=003  AE-DuAMF
=005  20210215121917.7
=006  m    go  u        
=007  cr cn|||||||||
=008  210215s2021\\\\jo\a\\\go\\\\\000\0\tur\d
=020  \\$a9786055899431$c₺45,00 
=040  \\$aAE-DuAMF$beng$erda$cAE-DuAMF
=041  0\$atur
=044  \\$ctu
=050  00$aQA76.76
=082  04$a005.12
=084  \\$aCOM051320$2bisacsh
=090  00$aQA76.76$bA437 2017
=100  1\$aAlas, Birol.
=245  1\$aUygulamalı XML teknolojileri ve GML/$cBirol Alas ; Birol Alas.
=264  \1$aİstanbul :$bOkan Üniversitesi,$c2017.
=300  \\$a310 s. ;$c21 cm.
=336  \\$atext$2rdacontent
=337  \\$acomputer$2rdamedia
=338  \\$aonline resource$2rdacarrier
=650  \0$aXML.
=650  \0$aGML.
=650  \0$aUygulama yazılımı$xGeliştirme.
=650  \0$aApplication software$x Development.
=650  \7$aCOMPUTERS / Languages / XML$2bisacsh
=852  \\$aAl Manhal FZLLC$j
=856  40$u

