=LDR  01863nam a2200409 i 4500
=003  AE-DuAMF
=005  20210215121917.7
=006  m    go  u        
=007  cr cn|||||||||
=008  210215s2021\\\\jo\a\\\go\\\\\000\0\tur\d
=020  \\$a9786055899417$c₺30,00 
=040  \\$aAE-DuAMF$beng$erda$cAE-DuAMF
=041  0\$atur
=050  00$aHD7262
=082  04$a331.2596
=084  \\$aBUS070170$2bisacsh
=090  00$aHD7262$b.Y37 2017
=245  1\$aYapı işlerinde iş sağlığı ve güvenliği sempozyumu/$c; Editör  Mustafa Yağımlı, Alper Çeltikçi, Sadettin Bağdatlı, Ercüment Aslantaş..
=264  \1$aİstanbul :$bOkan Üniversitesi Kitapları,$c2017.
=300  \\$a168 pages :$bill., tablo ;$c24 cm.
=336  \\$atext$2rdacontent
=337  \\$acomputer$2rdamedia
=338  \\$aonline resource$2rdacarrier
=650  \0$aİş sağlığı ve güvenliği - Sempozyum
=650  \0$aSosyal güvenlik - Türkiye
=650  \0$aOccupational health and safety - Symposium
=650  \0$aSocial security - Turkey
=650  \7$aBUSINESS & ECONOMICS / Industries / Healthcare.$2bisacsh
=852  \\$aAl Manhal FZLLC$j
=856  40$u

