=LDR  01863nam a2200409 i 4500
=003  AE-DuAMF
=005  20210215121917.7
=006  m    go  u        
=007  cr cn|||||||||
=008  210215s2021\\\\jo\a\\\go\\\\\000\0\tur\d
=020  \\$a9786055899400$c₺16,00 
=040  \\$aAE-DuAMF$beng$erda$cAE-DuAMF
=041  0\$atur
=044  \\$ctu
=082  04$a618.2
=084  \\$aMED033000$2bisacsh
=090  00$aWP100
=100  1\$aBaykal, Cem.
=245  1\$aObstetrik ve jinekolojide propedötik/$cCem Baykal, Gökçenur Gönenç, Elif Esra Uyar, Cihan Karadağ
=264  \1$aİstanbul :$bOkan Üniversitesi Yayınları,$c2017.
=300  \\$a66 p.$c24 cm.
=336  \\$atext$2rdacontent
=337  \\$acomputer$2rdamedia
=338  \\$aonline resource$2rdacarrier
=490  1\$aOkan Üniversitesi Yayınları;
=650  \0$aGynecology
=650  \0$aObstetrics
=650  \7$aMEDICAL / Gynecology & Obstetrics.$2bisacsh
=700  1\$aUyar, Elif Esra
=700  1\$aGönenç, Gökçenur
=700  1\$aKaradağ, Cihan
=852  \\$aAl Manhal FZLLC$j
=856  40$u

