=LDR  01863nam a2200409 i 4500
=003  AE-DuAMF
=005  20210215121917.7
=006  m    go  u        
=007  cr cn|||||||||
=008  210215s2021\\\\jo\a\\\go\\\\\000\0\tur\d
=020  \\$a9786055899455$c₺70,00 
=040  \\$aAE-DuAMF$beng$erda$cAE-DuAMF
=041  0\$atur
=044  \\$ctu
=050  00$aHV6768.T2782
=082  04$a657.45
=084  \\$aBUS033000$2bisacsh
=090  00$aHV6768.T2782$bA455 2018
=100  1\$aTaştan, Hakan.
=245  1\$aAdli muhasebe/$cHakan Taştan.
=250  \\$aBirinci basım
=264  \1$aİstanbul :$bOkan Üniversitesi Yayınları,$c2018.
=300  \\$axxix, 682 s. :$bill. ;$c24 sm.
=336  \\$atext$2rdacontent
=337  \\$acomputer$2rdamedia
=338  \\$aonline resource$2rdacarrier
=500  \\$aBibliyografya
=650  \0$aAdli muhasebe
=650  \0$aForensic accounting
=650  \0$aMuhasebe denetimi
=650  \0$aAccounting
=650  \7$aBUSINESS & ECONOMICS / Insurance / General.$2bisacsh
=852  \\$aAl Manhal FZLLC$j
=856  40$u

