=LDR  01863nam a2200409 i 4500
=003  AE-DuAMF
=005  20210215121917.7
=006  m    go  u        
=007  cr cn|||||||||
=008  210215s2021\\\\jo\a\\\go\\\\\000\0\tur\d
=020  \\$a9786055899448$c₺77,50 
=040  \\$aAE-DuAMF$beng$erda$cAE-DuAMF
=041  0\$atur
=044  \\$ctu
=050  00$aT175.5
=082  04$a658.4063
=084  \\$aTEC066000$2bisacsh
=090  00$aT175.5$b.I73 2018
=111  2\$aUluslararası Ar-Ge İnovasyon ve Teknoloji Yönetimi Kongresi (18 Mayıs 2018 :İstanbul)
=245  1\$aIRDITECH 2018 uluslararası ar-ge inovasyon ve teknoloji yönetimi kongresi bildiriler kitabı/$ced. Güner Gürsoy, Muhterem Şebnem Ensari.
=264  \1$aİstanbul :$bOkan Üniversitesi,$c2018.
=300  \\$a466 s. :$bill. ;$c29 cm.
=336  \\$atext$2rdacontent
=337  \\$acomputer$2rdamedia
=338  \\$aonline resource$2rdacarrier
=500  \\$aKaynakça var.
=650  \0$aAraştırma--Endüstriyel--Yönetim.
=650  \0$aTeknolojik yenilikler.
=650  \0$aResearch--Industrial--Management.
=650  \0$aTechnological innovations.
=650  \7$aTECHNOLOGY & ENGINEERING / Research.$2bisacsh.
=852  \\$aAl Manhal FZLLC$j
=856  40$u

