=LDR  01863nam a2200409 i 4500
=003  AE-DuAMF
=005  20210215121917.7
=006  m    go  u        
=007  cr cn|||||||||
=008  210215s2021\\\\jo\a\\\go\\\\\000\0\tur\d
=020  \\$a9786055899462$c₺70,00 
=040  \\$aAE-DuAMF$beng$erda$cAE-DuAMF
=041  0\$atur
=044  \\$ctu
=050  00$aQC21.2
=082  04$a621
=084  \\$aTEC009000$2bisacsh
=090  00$aQC21.2$b.M44 2018 k.3
=245  0\$aMühendislik fiziği 1/$cTolga Yarman, Metin Arık, Azmi Ali Altıntaş vd..
=264  \1$aİstanbul :$bİstanbul Okan Üniversitesi Yayınları,$c2018.
=300  \\$a237 s. :$bşekl ;$c23 cm. 
=336  \\$atext$2rdacontent
=337  \\$acomputer$2rdamedia
=338  \\$aonline resource$2rdacarrier
=650  \0$aMühendislik fiziği.
=650  \0$aNewton mekaniği.
=650  \0$aEngineering physics.
=650  \0$aNewton mechanics.
=650  \7$aTECHNOLOGY & ENGINEERING / Engineering (General).$2bisacsh.
=852  \\$aAl Manhal FZLLC$j
=856  40$u

