=LDR  01863nam a2200409 i 4500
=003  AE-DuAMF
=005  20210215121917.7
=006  m    go  u        
=007  cr cn|||||||||
=008  210215s2021\\\\jo\a\\\go\\\\\000\0\tur\d
=020  \\$a9786055899486$c₺60,00 
=040  \\$aAE-DuAMF$beng$erda$cAE-DuAMF
=041  0\$atur
=044  \\$ctu
=082  04$a415.4
=084  \\$aBUS041000$2bisacsh
=090  10$a415.4$bU98 2018
=100  1\$aUzun, Nadir Engin.
=245  1\$aTürkçenin eğitimi-öğretiminde kurumasal ve uygulamalı çalışmalar-10/$cNadir Engin Uzun ; B. Ümit Bozkurt.
=264  \1$aİstanbul :$bOkan Üniversitesi Kitapları,$c2018.
=300  \\$a419 s. :$btbl. ;$c24 cm
=336  \\$atext$2rdacontent
=337  \\$acomputer$2rdamedia
=338  \\$aonline resource$2rdacarrier
=500  \\$aKaynakça var.
=650  \0$aTürk Dili
=650  \0$aTurkish Language
=650  \0$aTurkish Language - Education and Training
=650  \0$aTürk dili - Eğitim ve Öğretim
=650  \7$aLANGUAGE ARTS & DISCIPLINES / Study & Teaching.$2bisacsh
=852  \\$aAl Manhal FZLLC$j
=856  40$u

