=LDR  01863nam a2200409 i 4500
=003  AE-DuAMF
=005  20210215121917.7
=006  m    go  u        
=007  cr cn|||||||||
=008  210215s2021\\\\jo\a\\\go\\\\\000\0\tur\d
=020  \\$a9786055899516$c₺30,00 
=040  \\$aAE-DuAMF$beng$erda$cAE-DuAMF
=041  0\$atur
=044  \\$ctu
=050  00$aMT220.M33
=082  04$a786.2
=084  \\$aMUS022000$2bisacsh
=090  00$aMT220.M33$bP93 2019 k.2
=100  1\$aMadanoğlu, Naci.
=245  1\$aPiyano için 9 makamsal ezgi/$cNaci Madanoğlu ; Naci Madanoğlu.
=264  \1$aİstanbul :$bOkan Üniversitesi Kitapları,$c2019.
=300  \\$a15 s. ;$c28 cm.
=336  \\$atext$2rdacontent
=337  \\$acomputer$2rdamedia
=338  \\$aonline resource$2rdacarrier
=650  \0$aPiyano--Eğitim ve çalışma.
=650  \0$aPiano--Training and study.
=650  \7$aMUSIC / Instruction & Study / General.$2bisacsh.
=852  \\$aAl Manhal FZLLC$j
=856  40$u

