=LDR  01863nam a2200409 i 4500
=003  AE-DuAMF
=005  20210215121917.7
=006  m    go  u        
=007  cr cn|||||||||
=008  210215s2021\\\\jo\a\\\go\\\\\000\0\tur\d
=020  \\$a9786055899509$c₺67,50 
=040  \\$aAE-DuAMF$beng$erda$cAE-DuAMF
=041  0\$atur
=044  \\$ctu
=050  00$aHB3722
=082  04$a621.312134
=084  \\$aPOL024000$2bisacsh
=090  00$aHB3722$b.T87 2019
=245  1\$aTürkiye'nin ekonomik krizleri/$ceditör Turgay Münyas..
=264  \1$aİstanbul :$bOkan Üniversitesi Yayınları,$c2019.
=300  \\$a328 s. ;$c24 sm..
=336  \\$atext$2rdacontent
=337  \\$acomputer$2rdamedia
=338  \\$aonline resource$2rdacarrier
=500  \\$aBibliyografya
=650  \0$aUluslararası ekonomik bütünleşme.
=650  \0$aInternational economic integration.
=650  \0$aKüreselleşme.
=650  \0$aGlobalization.
=650  \0$aTurkey$xEconomic Policy.
=650  \0$aTürkiye$xEkonomi Politikası.
=650  \0$aEconomic crisis.
=650  \0$aEkonomik kriz.
=650  \7$aPOLITICAL SCIENCE / Public Policy / Economic Policy.$2bisacsh.
=852  \\$aAl Manhal FZLLC$j
=856  40$u

