=LDR  01863nam a2200409 i 4500
=003  AE-DuAMF
=005  20210215121917.7
=006  m    go  u        
=007  cr cn|||||||||
=008  210215s2021\\\\jo\a\\\go\\\\\000\0\tur\d
=020  \\$a9786055899523
=040  \\$aAE-DuAMF$beng$erda$cAE-DuAMF
=041  0\$atur
=044  \\$ctu
=082  04$a658.4063
=084  \\$aTEC000000$2bisacsh
=090  00$aT175.5
=111  2\$aUluslararası Ar-Ge İnovasyon ve Teknoloji Yönetimi Kongresi (2019 : İstanbul)
=245  1\$aIRDITECH 2019 uluslararası ar-ge inovasyon ve teknoloji yönetimi kongresi bildiriler kitabı, 3 Mayıs 2019, İstanbul/$ceditörler Güner Gürsoy, Muhterem Şebnem Ensari.
=246  00$aUluslararası Ar-Ge İnovasyon ve Teknoloji Yönetimi Kongresi (2019 : İstanbul)
=250  \\$a1. basım, Mayıs 2018
=264  \1$aİstanbul :$bOkan Üniversitesi Kitapları,$c2019
=300  \\$a682 pages :$bşekil
=336  \\$atext$2rdacontent
=337  \\$acomputer$2rdamedia
=338  \\$aonline resource$2rdacarrier
=500  \\$aKaynakça var.
=650  \0$aAraştırma, Endüstriyel$xYönetim
=650  \0$aTeknolojik yenilikler
=650  \0$aEkonomik etki analizi
=650  \0$aResearch, Industrial$xManagement
=650  \0$aTechnological innovations
=650  \0$aEconomic impact analysis
=650  \7$aTECHNOLOGY & ENGINEERING / General.$2bisacsh.
=852  \\$aAl Manhal FZLLC$j
=856  40$u

