=LDR  01863nam a2200409 i 4500
=003  AE-DuAMF
=005  20210215121917.7
=006  m    go  u        
=007  cr cn|||||||||
=008  210215s2021\\\\jo\a\\\go\\\\\000\0\tur\d
=020  \\$a9786055899530
=040  \\$aAE-DuAMF$beng$erda$cAE-DuAMF
=041  0\$atur
=044  \\$ctu
=082  04$a681.7/629.2293
=084  \\$aTEC008000$2bisacsh
=090  00$aTL 220
=111  2\$aHaberleşen, Otonom ve Elektrikli Araç Teknolojileri ve Hizmetleri Teknoloji Stratejisi Gelş. Çalş.
=245  1\$aHaberleşen, Otonom ve Elektrikli Araç Teknolojileri ve Hizmetleri Teknoloji Stratejisi Gelş. Çalş.$b04 Aralık 2019, İstanbul/
=264  \1$aİstanbul :$bOkan Üniversitesi Yayınları,$c2020.
=336  \\$atext$2rdacontent
=337  \\$acomputer$2rdamedia
=338  \\$aonline resource$2rdacarrier
=490  1\$aOkan Üniversitesi Yayınları;
=650  \0$aAutonomous cars
=650  \7$aTECHNOLOGY & ENGINEERING / Electronics / General.$2bisacsh
=852  \\$aAl Manhal FZLLC$j
=856  40$u

