=LDR  01863nam a2200409 i 4500
=003  AE-DuAMF
=005  20210215121917.7
=006  m    go  u        
=007  cr cn|||||||||
=008  210215s2021\\\\jo\a\\\go\\\\\000\0\tur\d
=020  \\$a9786055899547
=040  \\$aAE-DuAMF$beng$erda$cAE-DuAMF
=041  0\$atur
=044  \\$ctu
=082  04$a657.45
=084  \\$aBUS003000$2bisacsh
=090  00$aHF 5655.T8
=100  1\$aAkdeniz, Ekin.
=245  1\$aUluslararası Denetim Standartları/$cİ. B.Tünayadın, M. Azaltun
=264  \1$aİstanbul :$bOkan Üniversitesi Yayınları,$c2019.
=336  \\$atext$2rdacontent
=337  \\$acomputer$2rdamedia
=338  \\$aonline resource$2rdacarrier
=490  1\$aOkan Üniversitesi Yayınları;
=650  \0$aInternational Auditing standarts
=650  \7$aBUSINESS & ECONOMICS / Auditing$2bisacsh
=852  \\$aAl Manhal FZLLC$j
=856  40$u

