=LDR  01863nam a2200409 i 4500
=003  AE-DuAMF
=005  20210215121917.7
=006  m    go  u        
=007  cr cn|||||||||
=008  210215s2021\\\\jo\a\\\go\\\\\000\0\tur\d
=020  \\$a9786055899554$c₺27,50 
=040  \\$aAE-DuAMF$beng$erda$cAE-DuAMF
=041  0\$atur
=044  \\$ctu
=050  00$aPL213.O33
=082  04$a923.3
=084  \\$aBIO007000$2bisacsh
=090  00$aPL213.O33$bİ84 2020
=100  1\$aOkan, Bekir.
=245  1\$aİş'te başarı :$bYaşadıklarım, gördüklerim, öğrendiklerim/$cBekir Okan ; Bekir Okan ; ed. Mine Artu Mutlugün.
=264  \1$aİstanbul :$bOkan Üniversitesi Yayınları,$c2020.
=300  \\$a144 s. :$bill.. ;$c21 cm.
=336  \\$atext$2rdacontent
=337  \\$acomputer$2rdamedia
=338  \\$aonline resource$2rdacarrier
=650  \0$aTürk edebiyatı--Biyografi.
=650  \0$aBaşarı hikayeleri--Kişiler.
=650  \0$aTurkish literature--Biography.
=650  \0$aSuccess stories--People.
=650  \7$aBIOGRAPHY & AUTOBIOGRAPHY / Literary Figures.$2bisacsh
=852  \\$aAl Manhal FZLLC$j
=856  40$u

