=LDR  01863nam a2200409 i 4500
=003  AE-DuAMF
=005  20210215121917.7
=006  m    go  u        
=007  cr cn|||||||||
=008  210215s2021\\\\jo\a\\\go\\\\\000\0\tur\d
=020  \\$a9786055899585
=040  \\$aAE-DuAMF$beng$erda$cAE-DuAMF
=041  0\$atur
=044  \\$ctu
=082  04$a330.1
=084  \\$aBUS000000$2bisacsh
=090  00$aHB180.T8
=100  1\$aÇelik, Çiğdem Fatma.
=245  1\$aİktisada Giriş$c Çiğdem Fatma Çelik.
=264  \1$aİstanbul :$bOkan Üniversitesi Yayınları,$c2020.
=336  \\$atext$2rdacontent
=337  \\$acomputer$2rdamedia
=338  \\$aonline resource$2rdacarrier
=650  \0$aİktisat.
=650  \7$aBUSINESS & ECONOMICS / General.$2bisacsh
=852  \\$aAl Manhal FZLLC$j
=856  40$u

